<?xml version="1.0" ?><OAI-PMH xmlns="http://www.openarchives.org/OAI/2.0/" xmlns:xsi="http://www.w3.org/2001/XMLSchema-instance" xsi:schemaLocation="http://www.openarchives.org/OAI/2.0/ http://www.openarchives.org/OAI/2.0/OAI-PMH.xsd">
  <responseDate>2024-11-20T18:26:22Z</responseDate>
  <request resumptionToken="1900-01-01@all@UNIGE_ALL@marc21@5986568910005502" verb="ListRecords">https://slsp-unige.alma.exlibrisgroup.com/view/oai/41SLSP_UGE/request</request>
<ListRecords><record><header><identifier>oai:alma.41SLSP_UGE:991000771479705502</identifier><datestamp>2024-10-26T00:19:51Z</datestamp><setSpec>uge_bcen_RapidILL_BOOK</setSpec><setSpec>uge_aaca_RapidILL_BOOK</setSpec><setSpec>uge_abels_RapidILL_BOOK</setSpec><setSpec>uge_dbu_RapidILL_BOOK</setSpec><setSpec>uge_cmu_RapidILL_BOOK</setSpec><setSpec>uge_mail_RapidILL_BOOK</setSpec><setSpec>uge_abbat_RapidILL_BOOK</setSpec><setSpec>UNIGE_ALL</setSpec><setSpec>uge_aobs_RapidILL_BOOK</setSpec><setSpec>uge_acar_RapidILL_BOOK</setSpec></header><metadata>
<record xmlns="http://www.loc.gov/MARC21/slim" xmlns:xsi="http://www.w3.org/2001/XMLSchema-instance" xsi:schemaLocation="http://www.loc.gov/MARC21/slim http://www.loc.gov/standards/marcxml/schema/MARC21slim.xsd"><leader>01370nam a2200277 c 4500</leader><controlfield tag="001">991000771479705502</controlfield><controlfield tag="005">20201227141845.0</controlfield><controlfield tag="008">031125s1974    gw ||||| |||| 00| ||rus d</controlfield><datafield ind1=" " ind2=" " tag="035"><subfield code="a">(swissbib)099980444-41slsp_network</subfield></datafield><datafield ind1=" " ind2=" " tag="035"><subfield code="a">099980444</subfield><subfield code="9">ExL</subfield></datafield><datafield ind1=" " ind2=" " tag="035"><subfield code="a">(RERO)R003546509-41slsp</subfield></datafield><datafield ind1=" " ind2=" " tag="035"><subfield code="a">(EXLNZ-41SLSP_NETWORK)991149672059705501</subfield></datafield><datafield ind1=" " ind2=" " tag="040"><subfield code="a">RERO geulru</subfield><subfield code="d">CH-ZuSLS</subfield></datafield><datafield ind1=" " ind2="7" tag="072"><subfield code="a">ru</subfield><subfield code="2">rero</subfield></datafield><datafield ind1="1" ind2=" " tag="100"><subfield code="6">880-01</subfield><subfield code="a">Soljénitsyne, Alexandre Isaevitch</subfield><subfield code="d">1918-2008</subfield><subfield code="0">(IDREF)027143058</subfield><subfield code="4">cre</subfield></datafield><datafield ind1="1" ind2=" " tag="880"><subfield code="6">100-01/(N</subfield><subfield code="a">Солженицын, Александр Исаевич</subfield><subfield code="d">1918-2008</subfield></datafield><datafield ind1="1" ind2="0" tag="245"><subfield code="6">880-02</subfield><subfield code="a">Mir i nasilie</subfield><subfield code="c">A. Solzhenit︠s︡yn</subfield></datafield><datafield ind1="1" ind2="0" tag="880"><subfield code="6">245-02/(N</subfield><subfield code="a">Мир и насилие</subfield><subfield code="c">А. Солженицын</subfield></datafield><datafield ind1="1" ind2=" " tag="246"><subfield code="a">Mir i nasilie / A. Solženicyn</subfield></datafield><datafield ind1=" " ind2="4" tag="264"><subfield code="c">© 1974</subfield></datafield><datafield ind1=" " ind2="1" tag="264"><subfield code="6">880-03</subfield><subfield code="a">Frankfurt</subfield><subfield code="b">Posev</subfield><subfield code="c">[1974]</subfield></datafield><datafield ind1=" " ind2="1" tag="880"><subfield code="6">264-03/(N</subfield><subfield code="a">Франкфурт</subfield><subfield code="b">Посев</subfield><subfield code="c">[1974]</subfield></datafield><datafield ind1=" " ind2=" " tag="300"><subfield code="a">102 p.</subfield><subfield code="c">17 cm</subfield></datafield><datafield ind1=" " ind2=" " tag="336"><subfield code="b">txt</subfield><subfield code="2">rdacontent</subfield></datafield><datafield ind1=" " ind2=" " tag="337"><subfield code="b">n</subfield><subfield code="2">rdamedia</subfield></datafield><datafield ind1=" " ind2=" " tag="338"><subfield code="b">nc</subfield><subfield code="2">rdacarrier</subfield></datafield><datafield ind1=" " ind2=" " tag="900"><subfield code="a">REROnoselfmerge</subfield></datafield></record>
</metadata></record>