<record><header><identifier>oai:alma.41SLSP_UGE:991000771059705502</identifier><datestamp>2024-08-31T00:22:17Z</datestamp><setSpec>UNIGE_ALL</setSpec></header><metadata>
<record xmlns="http://www.loc.gov/MARC21/slim" xmlns:xsi="http://www.w3.org/2001/XMLSchema-instance" xsi:schemaLocation="http://www.loc.gov/MARC21/slim http://www.loc.gov/standards/marcxml/schema/MARC21slim.xsd"><leader>01286ncs a2200421 c 4500</leader><controlfield tag="001">991000771059705502</controlfield><controlfield tag="005">20240830163259.0</controlfield><controlfield tag="006">s|| m|||||||0   ||</controlfield><controlfield tag="008">201011c19649999xxu||u |            eng d</controlfield><datafield ind1=" " ind2=" " tag="019"><subfield code="a">ZBZ: Serie abonniert, FS-Stelle</subfield></datafield><datafield ind1=" " ind2=" " tag="019"><subfield code="a">bis 111 &quot;vol.&quot;, ab, 112 ohne &quot;vol.&quot; / meth,zbz</subfield></datafield><datafield ind1=" " ind2=" " tag="022"><subfield code="a">0486-123X</subfield></datafield><datafield ind1=" " ind2=" " tag="035"><subfield code="a">(swissbib)227189345-41slsp_network</subfield></datafield><datafield ind1=" " ind2=" " tag="035"><subfield code="a">227189345</subfield><subfield code="9">ExL</subfield></datafield><datafield ind1=" " ind2=" " tag="035"><subfield code="a">(RERO)0617204-41slsp</subfield></datafield><datafield ind1=" " ind2=" " tag="035"><subfield code="a">(IDSBB)000122492DSV01</subfield></datafield><datafield ind1=" " ind2=" " tag="035"><subfield code="a">(NEBIS)000988937EBI01</subfield></datafield><datafield ind1=" " ind2=" " tag="035"><subfield code="a">(NEBIS)004621362EBI01</subfield></datafield><datafield ind1=" " ind2=" " tag="035"><subfield code="a">(EXLNZ-41SLSP_NETWORK)991020956359705501</subfield></datafield><datafield ind1=" " ind2=" " tag="040"><subfield code="a">RERO frbcuc</subfield><subfield code="d">CH-ZuSLS</subfield><subfield code="b">fre</subfield><subfield code="e">rda</subfield></datafield><datafield ind1=" " ind2="7" tag="072"><subfield code="a">mu</subfield><subfield code="2">rero</subfield></datafield><datafield ind1=" " ind2="7" tag="072"><subfield code="a">mu</subfield><subfield code="2">SzZuIDS BS/BE</subfield></datafield><datafield ind1="1" ind2="4" tag="082"><subfield code="a">780</subfield><subfield code="2">15</subfield></datafield><datafield ind1="0" ind2="0" tag="245"><subfield code="a">Recent researches in the music of the Renaissance</subfield><subfield code="b">partition</subfield></datafield><datafield ind1=" " ind2="1" tag="264"><subfield code="a">Madison</subfield><subfield code="b">A-R Editions</subfield><subfield code="c">1964-</subfield></datafield><datafield ind1=" " ind2=" " tag="300"><subfield code="a">Partituren</subfield></datafield><datafield ind1=" " ind2=" " tag="336"><subfield code="b">ntm</subfield><subfield code="2">rdacontent</subfield></datafield><datafield ind1=" " ind2=" " tag="337"><subfield code="b">n</subfield><subfield code="2">rdamedia</subfield></datafield><datafield ind1=" " ind2=" " tag="338"><subfield code="b">nc</subfield><subfield code="2">rdacarrier</subfield></datafield><datafield ind1=" " ind2=" " tag="348"><subfield code="a">Partitur</subfield><subfield code="2">gnd-music</subfield></datafield><datafield ind1=" " ind2=" " tag="348"><subfield code="a">partition</subfield><subfield code="2">gnd-music/fre</subfield></datafield><datafield ind1=" " ind2=" " tag="348"><subfield code="a">partitura</subfield><subfield code="2">gnd-music/ita</subfield></datafield><datafield ind1="0" ind2=" " tag="362"><subfield code="a">1(1964)-</subfield></datafield><datafield ind1=" " ind2="7" tag="655"><subfield code="a">Monografische Reihe</subfield><subfield code="2">gnd-content</subfield></datafield><datafield ind1=" " ind2=" " tag="690"><subfield code="a">Mittelalter</subfield><subfield code="2">uzb-UV</subfield></datafield><datafield ind1=" " ind2=" " tag="690"><subfield code="a">Renaissance</subfield><subfield code="2">uzb-UV</subfield></datafield><datafield ind1=" " ind2=" " tag="900"><subfield code="a">REROnoselfmerge</subfield></datafield><datafield ind1=" " ind2=" " tag="900"><subfield code="a">NEBISnoselfmerge</subfield></datafield><datafield ind1=" " ind2=" " tag="900"><subfield code="a">IDSZ2zbzmus200311e</subfield><subfield code="c">IDSZ2sulz</subfield></datafield></record>
</metadata></record>