<record><header><identifier>oai:alma.41SLSP_UGE:991000771369705502</identifier><datestamp>2024-10-05T00:08:33Z</datestamp><setSpec>uge_bcen_RapidILL_BOOK</setSpec><setSpec>uge_aaca_RapidILL_BOOK</setSpec><setSpec>uge_abels_RapidILL_BOOK</setSpec><setSpec>uge_dbu_RapidILL_BOOK</setSpec><setSpec>uge_cmu_RapidILL_BOOK</setSpec><setSpec>uge_mail_RapidILL_BOOK</setSpec><setSpec>uge_abbat_RapidILL_BOOK</setSpec><setSpec>UNIGE_ALL</setSpec><setSpec>uge_acar_RapidILL_BOOK</setSpec><setSpec>uge_aobs_RapidILL_BOOK</setSpec></header><metadata>
<record xmlns="http://www.loc.gov/MARC21/slim" xmlns:xsi="http://www.w3.org/2001/XMLSchema-instance" xsi:schemaLocation="http://www.loc.gov/MARC21/slim http://www.loc.gov/standards/marcxml/schema/MARC21slim.xsd"><leader>01294nam a22003612c 4500</leader><controlfield tag="001">991000771369705502</controlfield><controlfield tag="005">20241004202132.0</controlfield><controlfield tag="008">201011m19641966xxu           00| | eng  </controlfield><datafield ind1=" " ind2=" " tag="035"><subfield code="a">(swissbib)230774962-41slsp_network</subfield></datafield><datafield ind1=" " ind2=" " tag="035"><subfield code="a">230774962</subfield><subfield code="9">ExL</subfield></datafield><datafield ind1=" " ind2=" " tag="035"><subfield code="a">(NEBIS)004375579EBI01</subfield></datafield><datafield ind1=" " ind2=" " tag="035"><subfield code="a">(RERO)R003089077-41slsp</subfield></datafield><datafield ind1=" " ind2=" " tag="035"><subfield code="a">(EXLNZ-41SLSP_NETWORK)991092242179705501</subfield></datafield><datafield ind1=" " ind2=" " tag="040"><subfield code="a">SzZuIDS NEBIS ETH-BIB</subfield><subfield code="d">CH-ZuSLS</subfield></datafield><datafield ind1=" " ind2="7" tag="072"><subfield code="a">st</subfield><subfield code="2">rero</subfield></datafield><datafield ind1="0" ind2="0" tag="245"><subfield code="a">&lt;&lt;The&gt;&gt; structure and properties of materials</subfield><subfield code="b">in four volumes</subfield><subfield code="c">ed. by John Wulff</subfield></datafield><datafield ind1=" " ind2=" " tag="250"><subfield code="a">[Verschiedene Aufl.]</subfield></datafield><datafield ind1=" " ind2="1" tag="264"><subfield code="a">New York</subfield><subfield code="b">Wiley</subfield><subfield code="c">1964-1966</subfield></datafield><datafield ind1=" " ind2=" " tag="300"><subfield code="a">4 vol.</subfield></datafield><datafield ind1=" " ind2=" " tag="336"><subfield code="b">txt</subfield><subfield code="2">rdacontent</subfield></datafield><datafield ind1=" " ind2=" " tag="337"><subfield code="b">n</subfield><subfield code="2">rdamedia</subfield></datafield><datafield ind1=" " ind2=" " tag="338"><subfield code="b">nc</subfield><subfield code="2">rdacarrier</subfield></datafield><datafield ind1="0" ind2="0" tag="505"><subfield code="g">Vol. 1</subfield><subfield code="t">Structure</subfield><subfield code="r">William G. Moffatt, George W. Pearsall, John Wulff</subfield></datafield><datafield ind1="0" ind2="0" tag="505"><subfield code="g">Vol. 2</subfield><subfield code="t">Thermodynamics of structure</subfield><subfield code="r">Jere H. Brophy, Robert M. Rose, John Wulff</subfield></datafield><datafield ind1="0" ind2="0" tag="505"><subfield code="g">Vol. 3</subfield><subfield code="t">Mechanical behavior</subfield><subfield code="r">Wayne Hayden, William G. Moffatt, John Wulff</subfield></datafield><datafield ind1="0" ind2="0" tag="505"><subfield code="g">Vol. 4</subfield><subfield code="t">Electronic properties</subfield><subfield code="r">Robert M. Rose, Lawrence A. Shepard, John Wulff</subfield></datafield><datafield ind1="1" ind2=" " tag="700"><subfield code="a">Wulff, John</subfield></datafield><datafield ind1="1" ind2=" " tag="700"><subfield code="a">Moffatt, William G.</subfield></datafield><datafield ind1="1" ind2=" " tag="700"><subfield code="a">Pearsall, George W.</subfield></datafield><datafield ind1="1" ind2=" " tag="700"><subfield code="a">Brophy, Jere H.</subfield></datafield><datafield ind1="1" ind2=" " tag="700"><subfield code="a">Rose, Robert M.</subfield></datafield><datafield ind1="1" ind2=" " tag="700"><subfield code="a">Hayden, Wayne</subfield></datafield><datafield ind1="1" ind2=" " tag="700"><subfield code="a">Shepard, Lawrence A.</subfield></datafield><datafield ind1=" " ind2=" " tag="900"><subfield code="a">REROnoselfmerge</subfield></datafield></record>
</metadata></record>