<record><header><identifier>oai:alma.41SLSP_UGE:991000771069705502</identifier><datestamp>2023-07-03T00:42:05Z</datestamp><setSpec>uge_bcen_RapidILL_BOOK</setSpec><setSpec>uge_aaca_RapidILL_BOOK</setSpec><setSpec>uge_abels_RapidILL_BOOK</setSpec><setSpec>uge_dbu_RapidILL_BOOK</setSpec><setSpec>uge_cmu_RapidILL_BOOK</setSpec><setSpec>uge_mail_RapidILL_BOOK</setSpec><setSpec>uge_abbat_RapidILL_BOOK</setSpec><setSpec>UNIGE_ALL</setSpec><setSpec>uge_aobs_RapidILL_BOOK</setSpec><setSpec>uge_acar_RapidILL_BOOK</setSpec></header><metadata>
<record xmlns="http://www.loc.gov/MARC21/slim" xmlns:xsi="http://www.w3.org/2001/XMLSchema-instance" xsi:schemaLocation="http://www.loc.gov/MARC21/slim http://www.loc.gov/standards/marcxml/schema/MARC21slim.xsd"><leader>05389nam a2200481 c 4500</leader><controlfield tag="001">991000771069705502</controlfield><controlfield tag="005">20230702081551.0</controlfield><controlfield tag="008">201012s2003    it ||||| |||| 00| ||ita d</controlfield><datafield ind1=" " ind2=" " tag="020"><subfield code="a">8800722350</subfield></datafield><datafield ind1=" " ind2=" " tag="035"><subfield code="a">(swissbib)242137369-41slsp_network</subfield></datafield><datafield ind1=" " ind2=" " tag="035"><subfield code="a">242137369</subfield><subfield code="9">ExL</subfield></datafield><datafield ind1=" " ind2=" " tag="035"><subfield code="a">(RERO)R003396860-41slsp</subfield></datafield><datafield ind1=" " ind2=" " tag="035"><subfield code="a">(IDSSG)000296244HSB01</subfield></datafield><datafield ind1=" " ind2=" " tag="035"><subfield code="a">(EXLNZ-41SLSP_NETWORK)991024100159705501</subfield></datafield><datafield ind1=" " ind2=" " tag="040"><subfield code="a">RERO labcud</subfield><subfield code="d">CH-ZuSLS</subfield></datafield><datafield ind1="0" ind2=" " tag="041"><subfield code="a">ita</subfield><subfield code="a">eng</subfield><subfield code="a">fre</subfield><subfield code="a">ger</subfield><subfield code="a">spa</subfield></datafield><datafield ind1=" " ind2="7" tag="072"><subfield code="a">hm</subfield><subfield code="2">rero</subfield></datafield><datafield ind1=" " ind2="7" tag="072"><subfield code="a">ht</subfield><subfield code="2">rero</subfield></datafield><datafield ind1="0" ind2="0" tag="245"><subfield code="a">Economia e energia, secc. XIII-XVIII</subfield><subfield code="b">atti della &quot;Trentaquattresima settimana di studi&quot;, 15-19 aprile 2002</subfield><subfield code="c">Istituto internazionale di storia economica &quot;F. Datini&quot; ; a cura di Simonetta Cavaciocchi</subfield></datafield><datafield ind1=" " ind2="1" tag="264"><subfield code="a">[Firenze]</subfield><subfield code="b">Le Monnier</subfield><subfield code="c">2003</subfield></datafield><datafield ind1=" " ind2=" " tag="300"><subfield code="a">1054 p.</subfield><subfield code="b">tabl., cartes, diagr., fac-sim.</subfield><subfield code="c">21 cm</subfield></datafield><datafield ind1=" " ind2=" " tag="336"><subfield code="b">txt</subfield><subfield code="2">rdacontent</subfield></datafield><datafield ind1=" " ind2=" " tag="337"><subfield code="b">n</subfield><subfield code="2">rdamedia</subfield></datafield><datafield ind1=" " ind2=" " tag="338"><subfield code="b">nc</subfield><subfield code="2">rdacarrier</subfield></datafield><datafield ind1="1" ind2=" " tag="490"><subfield code="a">Istituto internazionale di storia economica &quot;F. Datini&quot; Prato. Serie 2, Atti delle &quot;Settimane di studi&quot; e altri convegni</subfield><subfield code="v">34</subfield></datafield><datafield ind1=" " ind2="7" tag="648"><subfield code="a">Geschichte 1300-1800</subfield><subfield code="2">gnd</subfield></datafield><datafield ind1=" " ind2="7" tag="650"><subfield code="a">Énergie</subfield><subfield code="0">(IDREF)027226271</subfield><subfield code="2">idref</subfield></datafield><datafield ind1=" " ind2="7" tag="650"><subfield code="a">13e siècle-18e siècle</subfield><subfield code="2">idref</subfield></datafield><datafield ind1=" " ind2="7" tag="650"><subfield code="a">Conditions économiques</subfield><subfield code="0">(IDREF)028626885</subfield><subfield code="2">idref</subfield></datafield><datafield ind1=" " ind2="7" tag="650"><subfield code="a">Energiewirtschaft</subfield><subfield code="0">(DE-588)4014743-5</subfield><subfield code="2">gnd</subfield></datafield><datafield ind1=" " ind2="7" tag="651"><subfield code="a">Europa</subfield><subfield code="0">(DE-588)4015701-5</subfield><subfield code="2">gnd</subfield></datafield><datafield ind1=" " ind2="7" tag="655"><subfield code="a">Actes de congrès</subfield><subfield code="0">(IDREF)02886431X</subfield><subfield code="2">idref</subfield></datafield><datafield ind1=" " ind2="7" tag="655"><subfield code="a">Konferenzschrift</subfield><subfield code="z">Prato</subfield><subfield code="y">2002</subfield><subfield code="2">gnd-content</subfield></datafield><datafield ind1=" " ind2=" " tag="690"><subfield code="a">Energiemarkt; Energieverbrauch; Tee; Wasserkraft; Debatte; Et; Vertrieb; Nutzung; Stahlindustrie; Dampfkraft; Innovation; Branche</subfield><subfield code="2">idssg-J</subfield></datafield><datafield ind1=" " ind2=" " tag="690"><subfield code="a">Agrartransformation; Eröffnungssitzung; Holzenergienutzung; Kohleförderung; Videopräsentation; Waldschutz; Dreiländergebiet; Energieeinsatz; MittelItalien; Schießpulver; Bolognamodell; Brüggemeier; Energiesystem; Energiewert; Frühmoderne; Hügellandschaft; Industrieenergieverbrauch; Seidenspinnerei; Studienwoche; Vizebürgermeister; Wassermühle</subfield><subfield code="2">idssg-J</subfield></datafield><datafield ind1=" " ind2=" " tag="690"><subfield code="a">fünfzehntes Jahrhundert; niederländisches Zeitalter; Vierunddreißigste Woche; agrare Gesellschaft; altes Regime; andere Konvention; brennbarer Stoff; erneuerbare Energie; europäischer Tee; frühe Neuzeit; frühneuzeitlich Manufacture; goldenes Zeitalter; industrielle Revolution; intensive Energienutzung; landwirtschaftliche Eigenschaft; mineralische Energie; mittelalterliche Stahlindustrie; modern Finfin; moderne Wirtschaft; neu Scottish; neue Anwendung; neue Dynamik; neue Energiequelle; neue Quelle; politisches Thema; sechzehntes Jahrhundert; skandinavisch Industrialization; technologischer Tee; technologischer Wandel; wissenschaftlicher Ausschuss; zivile Nutzung; ökologische Einschränkung; ökologische Krise</subfield><subfield code="2">idssg-J</subfield></datafield><datafield ind1=" " ind2=" " tag="690"><subfield code="a">Italien C4EUIT; Großbritannien C4EUUK; Europa C4E; England C4EUUK; Schottland C4EUUK; Irland C4EUIR; Belgien C4EUBL; Deutschland C4EUGE; Niederlande C4EUNE; Russland C4EXRU; Dänemark C4EUDE; Mitteleuropa; Frankreich C4EUFR; Schweden C4EUSW; Welt C00WOR; Ungarn C4EXHU</subfield><subfield code="2">idssg-J</subfield></datafield><datafield ind1=" " ind2=" " tag="690"><subfield code="a">ARNOUX AYMARD; AYMARD BERGIER Goldthwaite Montias; Alberto Guenzi VideoPräsentation Herstellung; Andrée Corvol; Angus Maddison Wachstum Konten; Anton SCHULER; Antonello Gl ACOMELLl VizeBürgermeister; April Energie Ökologie; Astrid Kander Pre Industrieenergieverbrauch; Benoit Brüggemeier; BENOIT Karine BERTIER; Bibikov CAMPBELL Ciriacono; Bibikov CAMPBELL Ciriacono DAVIDS KJSRGAARD LANGDON MADDISON MATHIAS MUNRO Van; Blanchard Borracelli Bruland CORVOL; Blanchard Borracelli Bruland CORVOL Helguera Quijada LANGDON Leboutte Quatrefages; Borracelli Ciriacono; Borracelli Deya Bauza Helguera; Branche Métallurgiques et verrières chauffage domestique bois doeuvre conflits ou partage XVIIedébut XIXe; Bruce Campbell; Bruland Capalbo; Campbell Ciriacono; Campbell Hatcher KLERGAARD klep; Carlo PONI; Centuries Tee Iimitations; Chris WHATLEY; Christopher SMOUT; Cinzia Capalbo Claudio ROTELLI Energiewert AgrarTransformationen; Complementary Competitive; David KJSRGAARD LANGDON MADDISON; Datini Wiese Series Handlungen; Debatte AYMARD BERGIER Goldthwaite Montias MATHIAS Montias; Debatte Benoit Borracelli Deya Bauza Helguera Quijada Ladero QUESADA Leboutte; Denis Woronoff; Deyà Bauza The; Domestique bois doeuvre conflits; DreiLändergebiet Deutschland Niederlande; Eighteenth Century; Entre el agotamiento; Et moulins en royaux; Finfin XVe XVIIIe siècles; Francois BELHOSTE consommation; Georg Agricola; Gesellschaft Europäische Tee Abweichung; Goran Ryden; Horst KRANZ; Habitants et Communautes; Hans POHL; Harald Wl; Helguera Juan Quijada Los; Helguera Quijada LANGDON Leboutte; Hydrauliques et gestion; Ian Blanchard Wasser</subfield><subfield code="2">idssg-J</subfield></datafield><datafield ind1="1" ind2=" " tag="700"><subfield code="a">Cavaciocchi, Simonetta</subfield><subfield code="0">(IDREF)030461537</subfield></datafield><datafield ind1="2" ind2=" " tag="710"><subfield code="a">Istituto Internazionale di Storia Economica F. Datini</subfield><subfield code="g">Prato</subfield><subfield code="b">Settimana di Studi</subfield><subfield code="0">(DE-588)1086260422</subfield></datafield><datafield ind1="2" ind2=" " tag="710"><subfield code="a">Istituto internazionale di storia economica &quot;F. Datini&quot; (Prato)</subfield><subfield code="b">Settimana di studio</subfield><subfield code="n">34</subfield><subfield code="d">2002</subfield><subfield code="c">Prato</subfield><subfield code="0">(RERO)A012369886</subfield></datafield><datafield ind1="4" ind2=" " tag="856"><subfield code="u">https://tools.unisg.ch/url/hm00106124</subfield><subfield code="z">Inhaltsverzeichnis</subfield></datafield><datafield ind1=" " ind2="0" tag="830"><subfield code="a">Pubblicazioni / Istituto Internazionale di Storia Economica &quot;F. Datini&quot; Prato</subfield><subfield code="p">Serie 2, Atti delle &quot;Settimane di studio&quot; e altri convegni</subfield><subfield code="v">34</subfield><subfield code="w">(RERO)0253805-41slsp</subfield></datafield><datafield ind1=" " ind2=" " tag="949"><subfield code="a">https://tools.unisg.ch/url/hm00106124</subfield></datafield></record>
</metadata></record>