<record><header><identifier>oai:alma.41SLSP_UGE:991000771049705502</identifier><datestamp>2023-03-01T01:10:10Z</datestamp><setSpec>uge_cmu_RapidILL_JOURNAL</setSpec><setSpec>uge_aobs_RapidILL_JOURNAL</setSpec><setSpec>uge_aaca_RapidILL_JOURNAL</setSpec><setSpec>uge_abbat_RapidILL_JOURNAL</setSpec><setSpec>uge_bcen_RapidILL_JOURNAL</setSpec><setSpec>uge_dbu_RapidILL_JOURNAL</setSpec><setSpec>uge_mail_RapidILL_JOURNAL</setSpec><setSpec>UNIGE_ALL</setSpec><setSpec>uge_abels_RapidILL_JOURNAL</setSpec><setSpec>uge_acar_RapidILL_JOURNAL</setSpec></header><metadata>
<record xmlns="http://www.loc.gov/MARC21/slim" xmlns:xsi="http://www.w3.org/2001/XMLSchema-instance" xsi:schemaLocation="http://www.loc.gov/MARC21/slim http://www.loc.gov/standards/marcxml/schema/MARC21slim.xsd"><leader>01698nas a2200457 c 4500</leader><controlfield tag="001">991000771049705502</controlfield><controlfield tag="005">20230127202958.0</controlfield><controlfield tag="008">201011c20149999fr  | p       0    |fre d</controlfield><datafield ind1=" " ind2=" " tag="022"><subfield code="y">2258-5117</subfield></datafield><datafield ind1=" " ind2=" " tag="035"><subfield code="a">(swissbib)217962637-41slsp_network</subfield></datafield><datafield ind1=" " ind2=" " tag="035"><subfield code="a">217962637</subfield><subfield code="9">ExL</subfield></datafield><datafield ind1=" " ind2=" " tag="035"><subfield code="a">(NEBIS)000035142EBI01</subfield></datafield><datafield ind1=" " ind2=" " tag="035"><subfield code="a">(RERO)R007619254-41slsp</subfield></datafield><datafield ind1=" " ind2=" " tag="035"><subfield code="a">(EXLNZ-41SLSP_NETWORK)991154776539705501</subfield></datafield><datafield ind1=" " ind2=" " tag="040"><subfield code="a">ETH-BIB</subfield><subfield code="b">ger</subfield><subfield code="e">rda</subfield><subfield code="d">CH-ZuSLS</subfield></datafield><datafield ind1=" " ind2="7" tag="072"><subfield code="a">in</subfield><subfield code="2">rero</subfield></datafield><datafield ind1="0" ind2="0" tag="245"><subfield code="a">IT for Business</subfield><subfield code="b">le magazine des managers du numérique</subfield></datafield><datafield ind1="3" ind2="1" tag="264"><subfield code="a">Paris</subfield><subfield code="b">IT for Business</subfield></datafield><datafield ind1="2" ind2="1" tag="264"><subfield code="a">Paris</subfield><subfield code="b">Newsco</subfield><subfield code="c">2014-</subfield></datafield><datafield ind1=" " ind2=" " tag="300"><subfield code="a">Volumes</subfield></datafield><datafield ind1=" " ind2=" " tag="310"><subfield code="a">Mensuel</subfield></datafield><datafield ind1=" " ind2=" " tag="336"><subfield code="b">txt</subfield><subfield code="2">rdacontent</subfield></datafield><datafield ind1=" " ind2=" " tag="337"><subfield code="b">n</subfield><subfield code="2">rdamedia</subfield></datafield><datafield ind1=" " ind2=" " tag="338"><subfield code="b">nc</subfield><subfield code="2">rdacarrier</subfield></datafield><datafield ind1="0" ind2=" " tag="362"><subfield code="a">No. 2180 (janvier 2014)-</subfield></datafield><datafield ind1=" " ind2=" " tag="524"><subfield code="a">ITFOBU</subfield></datafield><datafield ind1=" " ind2=" " tag="580"><subfield code="a">Fait suite à: 01 Business &amp; technologies</subfield></datafield><datafield ind1=" " ind2="7" tag="650"><subfield code="a">INFORMATIK + COMPUTERWISSENSCHAFTEN</subfield><subfield code="9">ger</subfield><subfield code="0">(ETHUDK)000013693</subfield><subfield code="2">ethudk</subfield></datafield><datafield ind1=" " ind2="7" tag="650"><subfield code="a">GESTION D'ENTREPRISE</subfield><subfield code="9">fre</subfield><subfield code="0">(ETHUDK)000032209</subfield><subfield code="2">ethudk</subfield></datafield><datafield ind1=" " ind2="7" tag="650"><subfield code="a">FRANCE (EUROPE DE L'OUEST). RÉPUBLIQUE FRANÇAISE</subfield><subfield code="9">fre</subfield><subfield code="0">(ETHUDK)000003272</subfield><subfield code="2">ethudk</subfield></datafield><datafield ind1=" " ind2="7" tag="650"><subfield code="a">Informatique</subfield><subfield code="0">(IDREF)027234886</subfield><subfield code="2">idref</subfield></datafield><datafield ind1=" " ind2="7" tag="650"><subfield code="a">Gestion d'entreprise</subfield><subfield code="0">(IDREF)027228096</subfield><subfield code="2">idref</subfield></datafield><datafield ind1=" " ind2="7" tag="655"><subfield code="a">Zeitschrift</subfield><subfield code="2">gnd-content</subfield></datafield><datafield ind1=" " ind2="7" tag="655"><subfield code="a">Périodiques</subfield><subfield code="0">(IDREF)02724640X</subfield><subfield code="2">idref</subfield></datafield><datafield ind1="0" ind2="0" tag="780"><subfield code="i">Titre jusqu'en 1986</subfield><subfield code="t">Zéro 1. Informatique. Hebdo</subfield></datafield><datafield ind1="0" ind2="0" tag="780"><subfield code="t">01 Business &amp; technologies</subfield><subfield code="w">(RERO)R006317549-41slsp</subfield></datafield><datafield ind1="0" ind2="0" tag="780"><subfield code="i">Titre en 2013</subfield><subfield code="t">Zéro un. Business</subfield></datafield><datafield ind1="0" ind2="0" tag="780"><subfield code="i">Titre entre 1986-2011</subfield><subfield code="t">Zéro un : Informatique</subfield></datafield><datafield ind1="0" ind2="0" tag="780"><subfield code="i">Titre entre 2011-2013</subfield><subfield code="t">Zéro un. Business &amp; technologies</subfield></datafield><datafield ind1=" " ind2=" " tag="900"><subfield code="a">IDSE5E63ANH-2010</subfield></datafield><datafield ind1=" " ind2=" " tag="900"><subfield code="a">NEBISnoselfmerge</subfield></datafield><datafield ind1=" " ind2=" " tag="900"><subfield code="a">REROnoselfmerge</subfield></datafield></record>
</metadata></record>