<record><header><identifier>oai:alma.41SLSP_UGE:991000770839705502</identifier><datestamp>2023-04-08T00:19:44Z</datestamp><setSpec>uge_bcen_RapidILL_BOOK</setSpec><setSpec>uge_aaca_RapidILL_BOOK</setSpec><setSpec>uge_abels_RapidILL_BOOK</setSpec><setSpec>uge_dbu_RapidILL_BOOK</setSpec><setSpec>uge_cmu_RapidILL_BOOK</setSpec><setSpec>uge_mail_RapidILL_BOOK</setSpec><setSpec>uge_abbat_RapidILL_BOOK</setSpec><setSpec>UNIGE_ALL</setSpec><setSpec>uge_acar_RapidILL_BOOK</setSpec><setSpec>uge_aobs_RapidILL_BOOK</setSpec></header><metadata>
<record xmlns="http://www.loc.gov/MARC21/slim" xmlns:xsi="http://www.w3.org/2001/XMLSchema-instance" xsi:schemaLocation="http://www.loc.gov/MARC21/slim http://www.loc.gov/standards/marcxml/schema/MARC21slim.xsd"><leader>01975nam a2200409 c 4500</leader><controlfield tag="001">991000770839705502</controlfield><controlfield tag="005">20230406192448.0</controlfield><controlfield tag="008">111202m19731976ja ||||| |||| 00| ||jpn d</controlfield><datafield ind1=" " ind2=" " tag="020"><subfield code="a">4582442005</subfield><subfield code="q">set</subfield></datafield><datafield ind1=" " ind2=" " tag="020"><subfield code="a">9784582442007</subfield><subfield code="q">set</subfield></datafield><datafield ind1=" " ind2=" " tag="035"><subfield code="a">(swissbib)11498509X-41slsp_network</subfield></datafield><datafield ind1=" " ind2=" " tag="035"><subfield code="a">11498509X</subfield><subfield code="9">ExL</subfield></datafield><datafield ind1=" " ind2=" " tag="035"><subfield code="a">(RERO)R006350917-41slsp</subfield></datafield><datafield ind1=" " ind2=" " tag="035"><subfield code="a">(EXLNZ-41SLSP_NETWORK)991128173029705501</subfield></datafield><datafield ind1=" " ind2=" " tag="040"><subfield code="a">COO</subfield><subfield code="d">CH-ZuSLS</subfield></datafield><datafield ind1="1" ind2="4" tag="050"><subfield code="a">DS832</subfield><subfield code="b">.C62x 1973</subfield></datafield><datafield ind1=" " ind2="7" tag="072"><subfield code="a">or</subfield><subfield code="2">rero</subfield></datafield><datafield ind1=" " ind2="7" tag="072"><subfield code="a">et</subfield><subfield code="2">rero</subfield></datafield><datafield ind1="1" ind2=" " tag="100"><subfield code="6">880-01</subfield><subfield code="a">Chiri, Mashiho</subfield><subfield code="d">1909-1961</subfield><subfield code="0">(IDREF)133202666</subfield><subfield code="4">cre</subfield></datafield><datafield ind1="0" ind2=" " tag="880"><subfield code="6">100-01/$1</subfield><subfield code="a">知里真志保</subfield><subfield code="d">1909-1961</subfield></datafield><datafield ind1="1" ind2="0" tag="245"><subfield code="6">880-02</subfield><subfield code="a">Chiri Mashiho chosakushū</subfield><subfield code="c">Chiri Mashiho</subfield></datafield><datafield ind1="1" ind2="0" tag="880"><subfield code="6">245-02/$1</subfield><subfield code="a">知里真志保著作集</subfield><subfield code="c">知里真志保</subfield></datafield><datafield ind1=" " ind2=" " tag="250"><subfield code="6">880-03</subfield><subfield code="a">Shohan</subfield></datafield><datafield ind1=" " ind2=" " tag="880"><subfield code="6">250-03/$1</subfield><subfield code="a">初版</subfield></datafield><datafield ind1=" " ind2="1" tag="264"><subfield code="6">880-04</subfield><subfield code="a">Tōkyō</subfield><subfield code="b">Heibonsha</subfield><subfield code="c">Shōwa 48-51 (1973-1976)</subfield></datafield><datafield ind1=" " ind2="1" tag="880"><subfield code="6">264-04/$1</subfield><subfield code="a">東京</subfield><subfield code="b">平凡社</subfield><subfield code="c">昭和 48-51 (1973-1976)</subfield></datafield><datafield ind1=" " ind2=" " tag="300"><subfield code="a">6 v.</subfield><subfield code="b">ill., ports.</subfield><subfield code="c">22 cm.</subfield></datafield><datafield ind1=" " ind2=" " tag="336"><subfield code="b">txt</subfield><subfield code="2">rdacontent</subfield></datafield><datafield ind1=" " ind2=" " tag="337"><subfield code="b">n</subfield><subfield code="2">rdamedia</subfield></datafield><datafield ind1=" " ind2=" " tag="338"><subfield code="b">nc</subfield><subfield code="2">rdacarrier</subfield></datafield><datafield ind1="0" ind2=" " tag="505"><subfield code="6">880-05</subfield><subfield code="a">1-2. Setsuwa, shinyō hen -- 3. Seikatsushi, minzokugaku hen -- 4. Ainugo kenkyū hen -- bekkan I-II [v. 5-6]. Bunrui Ainugo jiten</subfield></datafield><datafield ind1="0" ind2=" " tag="880"><subfield code="6">505-05/$1</subfield><subfield code="a">1-2. 説話・神謡編 -- 3. 生活誌・民族学編 -- 4. アイヌ語研究編--別巻 I-II [v. 5-6]. 分類アイヌ語辞典</subfield></datafield><datafield ind1=" " ind2="7" tag="650"><subfield code="a">Civilisation</subfield><subfield code="0">(IDREF)027784711</subfield><subfield code="2">idref</subfield></datafield><datafield ind1=" " ind2="7" tag="650"><subfield code="a">Aïnou (langue)</subfield><subfield code="0">(IDREF)027860957</subfield><subfield code="2">idref</subfield></datafield><datafield ind1=" " ind2="7" tag="650"><subfield code="a">Aïnous (peuple d'Asie)</subfield><subfield code="0">(IDREF)027666409</subfield><subfield code="2">idref</subfield></datafield><datafield ind1=" " ind2="7" tag="651"><subfield code="a">Japon</subfield><subfield code="0">(IDREF)027262162</subfield><subfield code="2">idref</subfield></datafield><datafield ind1=" " ind2=" " tag="900"><subfield code="a">REROnoselfmerge</subfield></datafield><datafield ind1=" " ind2=" " tag="910"><subfield code="a">OCoLC</subfield><subfield code="b">20111202</subfield><subfield code="c">Droits réservés</subfield></datafield></record>
</metadata></record>