<record><header><identifier>oai:alma.41SLSP_UGE:991000771159705502</identifier><datestamp>2023-05-23T00:12:35Z</datestamp><setSpec>uge_bcen_RapidILL_BOOK</setSpec><setSpec>uge_aaca_RapidILL_BOOK</setSpec><setSpec>uge_abels_RapidILL_BOOK</setSpec><setSpec>uge_dbu_RapidILL_BOOK</setSpec><setSpec>uge_cmu_RapidILL_BOOK</setSpec><setSpec>uge_mail_RapidILL_BOOK</setSpec><setSpec>uge_abbat_RapidILL_BOOK</setSpec><setSpec>UNIGE_ALL</setSpec><setSpec>uge_aobs_RapidILL_BOOK</setSpec><setSpec>uge_acar_RapidILL_BOOK</setSpec></header><metadata>
<record xmlns="http://www.loc.gov/MARC21/slim" xmlns:xsi="http://www.w3.org/2001/XMLSchema-instance" xsi:schemaLocation="http://www.loc.gov/MARC21/slim http://www.loc.gov/standards/marcxml/schema/MARC21slim.xsd"><leader>01159nam a2200301 c 4500</leader><controlfield tag="001">991000771159705502</controlfield><controlfield tag="005">20230516185401.0</controlfield><controlfield tag="008">971021s1993    gw ||||| |||| 00| ||ger d</controlfield><datafield ind1=" " ind2=" " tag="020"><subfield code="a">380531504X</subfield></datafield><datafield ind1=" " ind2=" " tag="035"><subfield code="a">(swissbib)092588646-41slsp_network</subfield></datafield><datafield ind1=" " ind2=" " tag="035"><subfield code="a">092588646</subfield><subfield code="9">ExL</subfield></datafield><datafield ind1=" " ind2=" " tag="035"><subfield code="a">(RERO)R220438260-41slsp</subfield></datafield><datafield ind1=" " ind2=" " tag="035"><subfield code="a">(EXLNZ-41SLSP_NETWORK)991152151659705501</subfield></datafield><datafield ind1=" " ind2=" " tag="040"><subfield code="a">RERO geubib</subfield><subfield code="d">CH-ZuSLS</subfield></datafield><datafield ind1="1" ind2=" " tag="041"><subfield code="a">ger</subfield><subfield code="h">akk</subfield></datafield><datafield ind1=" " ind2="7" tag="072"><subfield code="a">or</subfield><subfield code="2">rero</subfield></datafield><datafield ind1="1" ind2=" " tag="100"><subfield code="a">Weiher, Egbert von</subfield><subfield code="0">(IDREF)028505603</subfield><subfield code="4">cre</subfield></datafield><datafield ind1="1" ind2="0" tag="245"><subfield code="a">Uruk</subfield><subfield code="b">spätbabylonische Texte aus dem Planquadrat U 18</subfield><subfield code="n">Teil IV</subfield><subfield code="c">von Egbert von Weiher</subfield></datafield><datafield ind1=" " ind2="1" tag="264"><subfield code="a">Mainz</subfield><subfield code="b">Philipp von Zabern, 1993</subfield></datafield><datafield ind1=" " ind2=" " tag="300"><subfield code="a">IX, 228 p.</subfield><subfield code="b">pl.</subfield><subfield code="c">35 cm</subfield></datafield><datafield ind1=" " ind2=" " tag="336"><subfield code="b">txt</subfield><subfield code="2">rdacontent</subfield></datafield><datafield ind1=" " ind2=" " tag="337"><subfield code="b">n</subfield><subfield code="2">rdamedia</subfield></datafield><datafield ind1=" " ind2=" " tag="338"><subfield code="b">nc</subfield><subfield code="2">rdacarrier</subfield></datafield><datafield ind1="1" ind2=" " tag="490"><subfield code="a">Ausgrabungen in Uruk-Warka. Endberichte</subfield><subfield code="v">Bd. 12</subfield></datafield><datafield ind1=" " ind2="7" tag="650"><subfield code="a">Inscriptions cunéiformes</subfield><subfield code="0">(IDREF)027325296</subfield><subfield code="2">idref</subfield></datafield><datafield ind1=" " ind2="7" tag="651"><subfield code="a">Ourouk (ville ancienne)</subfield><subfield code="0">(IDREF)027244296</subfield><subfield code="2">idref</subfield></datafield><datafield ind1=" " ind2="7" tag="651"><subfield code="a">Grèce</subfield><subfield code="y">323-146 av. J.-C. (Époque hellénistique)</subfield><subfield code="0">(IDREF)027433706</subfield><subfield code="2">idref</subfield></datafield><datafield ind1=" " ind2="0" tag="830"><subfield code="a">Uruk</subfield><subfield code="v">4</subfield><subfield code="w">(RERO)R220429260-41slsp</subfield></datafield><datafield ind1=" " ind2="0" tag="830"><subfield code="a">Ausgrabungen in Uruk-Warka</subfield><subfield code="p">Endberichte</subfield><subfield code="v">12</subfield><subfield code="w">(RERO)1466253-41slsp</subfield></datafield></record>
</metadata></record>