<record><header><identifier>oai:alma.41SLSP_UGE:991000771399705502</identifier><datestamp>2023-03-01T01:10:10Z</datestamp><setSpec>uge_bcen_RapidILL_BOOK</setSpec><setSpec>uge_aaca_RapidILL_BOOK</setSpec><setSpec>uge_abels_RapidILL_BOOK</setSpec><setSpec>uge_dbu_RapidILL_BOOK</setSpec><setSpec>uge_cmu_RapidILL_BOOK</setSpec><setSpec>uge_mail_RapidILL_BOOK</setSpec><setSpec>UNIGE_ALL</setSpec><setSpec>uge_abbat_RapidILL_BOOK</setSpec><setSpec>uge_aobs_RapidILL_BOOK</setSpec><setSpec>uge_acar_RapidILL_BOOK</setSpec></header><metadata>
<record xmlns="http://www.loc.gov/MARC21/slim" xmlns:xsi="http://www.w3.org/2001/XMLSchema-instance" xsi:schemaLocation="http://www.loc.gov/MARC21/slim http://www.loc.gov/standards/marcxml/schema/MARC21slim.xsd"><leader>01544naa a2200289 c 4500</leader><controlfield tag="001">991000771399705502</controlfield><controlfield tag="005">20210206210739.0</controlfield><controlfield tag="008">100527s1953    fr ||||| |||| 00| ||fre d</controlfield><datafield ind1=" " ind2=" " tag="035"><subfield code="a">(swissbib)110399056-41slsp_network</subfield></datafield><datafield ind1=" " ind2=" " tag="035"><subfield code="a">110399056</subfield><subfield code="9">ExL</subfield></datafield><datafield ind1=" " ind2=" " tag="035"><subfield code="a">(RERO)R005454538-41slsp</subfield></datafield><datafield ind1=" " ind2=" " tag="035"><subfield code="a">(EXLNZ-41SLSP_NETWORK)991018990159705501</subfield></datafield><datafield ind1=" " ind2=" " tag="040"><subfield code="a">RERO geussc</subfield><subfield code="d">CH-ZuSLS</subfield></datafield><datafield ind1=" " ind2=" " tag="044"><subfield code="a">sz</subfield><subfield code="c">ch-ge</subfield></datafield><datafield ind1=" " ind2="7" tag="072"><subfield code="a">bi</subfield><subfield code="2">rero</subfield></datafield><datafield ind1="1" ind2=" " tag="100"><subfield code="a">Zuber Vogeli, Monique</subfield><subfield code="d">19..-....</subfield><subfield code="0">(IDREF)132135558</subfield><subfield code="4">cre</subfield></datafield><datafield ind1="1" ind2="0" tag="245"><subfield code="a">&lt;&lt;L'&gt;&gt;histophysiologie de l'hypophyse de Bufo vulgaris L</subfield><subfield code="c">par Monique Zuber-Vogeli</subfield></datafield><datafield ind1=" " ind2=" " tag="336"><subfield code="b">txt</subfield><subfield code="2">rdacontent</subfield></datafield><datafield ind1=" " ind2=" " tag="337"><subfield code="b">n</subfield><subfield code="2">rdamedia</subfield></datafield><datafield ind1=" " ind2=" " tag="338"><subfield code="b">nc</subfield><subfield code="2">rdacarrier</subfield></datafield><datafield ind1="1" ind2=" " tag="490"><subfield code="a">Donation Georges et Antoine Claraz, instituta et curata Johannis Schinz professoris auspiciis. Série zoologie</subfield><subfield code="v">no 123</subfield></datafield><datafield ind1=" " ind2=" " tag="580"><subfield code="a">In: Archives d'anatomie, d'histologie et d'embryologie. - Strasbourg. - T. 35(1953), p. 79-180, pl. I-II</subfield></datafield><datafield ind1=" " ind2=" " tag="580"><subfield code="a">Egalement publié dans: Travaux de l'Institut de zoologie et d'anatomie comparée de l'Université de Genève. - Genève. - Vol. 16(1943/53), no 327</subfield></datafield><datafield ind1=" " ind2=" " tag="580"><subfield code="a">Et dans: Travaux de l'Institut de zoologie et d'anatomie comparée de l'Université de Genève. - Genève. - Vol. 17(1948/54), no 354</subfield></datafield><datafield ind1="0" ind2=" " tag="773"><subfield code="t">Archives d'anatomie, d'histologie et d'embryologie</subfield><subfield code="g">35/079</subfield><subfield code="w">(RERO)1624956-41slsp</subfield></datafield><datafield ind1="0" ind2=" " tag="773"><subfield code="t">Travaux de l'Institut de zoologie et d'anatomie comparée de l'Université de Genève</subfield><subfield code="g">16/327</subfield><subfield code="g">17/354</subfield><subfield code="w">(RERO)R003965759-41slsp</subfield></datafield><datafield ind1=" " ind2="0" tag="830"><subfield code="a">Donation &quot;Georges et Antoine Claraz&quot;</subfield><subfield code="p">Série zoologie</subfield><subfield code="v">123</subfield><subfield code="w">(RERO)R004837454-41slsp</subfield></datafield><datafield ind1=" " ind2=" " tag="900"><subfield code="a">REROnoselfmerge</subfield></datafield></record>
</metadata></record>