<record><header><identifier>oai:alma.41SLSP_UGE:991000770979705502</identifier><datestamp>2023-03-01T01:10:10Z</datestamp><setSpec>uge_bcen_RapidILL_BOOK</setSpec><setSpec>uge_aaca_RapidILL_BOOK</setSpec><setSpec>uge_abels_RapidILL_BOOK</setSpec><setSpec>uge_dbu_RapidILL_BOOK</setSpec><setSpec>uge_cmu_RapidILL_BOOK</setSpec><setSpec>uge_mail_RapidILL_BOOK</setSpec><setSpec>UNIGE_ALL</setSpec><setSpec>uge_abbat_RapidILL_BOOK</setSpec><setSpec>uge_aobs_RapidILL_BOOK</setSpec><setSpec>uge_acar_RapidILL_BOOK</setSpec></header><metadata>
<record xmlns="http://www.loc.gov/MARC21/slim" xmlns:xsi="http://www.w3.org/2001/XMLSchema-instance" xsi:schemaLocation="http://www.loc.gov/MARC21/slim http://www.loc.gov/standards/marcxml/schema/MARC21slim.xsd"><leader>01126nam a2200253 c 4500</leader><controlfield tag="001">991000770979705502</controlfield><controlfield tag="005">20211104192847.0</controlfield><controlfield tag="007">c| |||||||||||</controlfield><controlfield tag="008">110318r20091686ne |||||r|||| 00| ||fre d</controlfield><datafield ind1=" " ind2=" " tag="035"><subfield code="a">(swissbib)113189990-41slsp_network</subfield></datafield><datafield ind1=" " ind2=" " tag="035"><subfield code="a">113189990</subfield><subfield code="9">ExL</subfield></datafield><datafield ind1=" " ind2=" " tag="035"><subfield code="a">(RERO)R005963278-41slsp</subfield></datafield><datafield ind1=" " ind2=" " tag="035"><subfield code="a">(EXLNZ-41SLSP_NETWORK)991112436369705501</subfield></datafield><datafield ind1=" " ind2=" " tag="040"><subfield code="a">RERO geuchr</subfield><subfield code="d">CH-ZuSLS</subfield></datafield><datafield ind1=" " ind2="7" tag="072"><subfield code="a">th</subfield><subfield code="2">rero</subfield></datafield><datafield ind1="1" ind2=" " tag="100"><subfield code="a">Larroque, Daniel de</subfield><subfield code="d">1660-1731</subfield><subfield code="0">(IDREF)02890785X</subfield><subfield code="4">cre</subfield></datafield><datafield ind1="1" ind2="0" tag="245"><subfield code="a">Réflexions critiques et théologiques sur la controverse de l'Eglise</subfield><subfield code="b">où l'on fait voir la fausseté des sentimens de l'Eglise Romaine sur ce sujet, par l'Ecriture Sainte et par les Peres</subfield></datafield><datafield ind1=" " ind2="1" tag="264"><subfield code="a">A Philadelphie. [i.e. Amsterdam]</subfield><subfield code="b">chez Theodore de Sainte Foy</subfield><subfield code="c">1686</subfield></datafield><datafield ind1=" " ind2=" " tag="300"><subfield code="a">[16], 262 [i. e. 242], [6] p.</subfield><subfield code="c">12°</subfield></datafield><datafield ind1=" " ind2=" " tag="500"><subfield code="a">Cote de l'ex. reproduit: St John's College Library S.scam.1.lower shelf.28</subfield></datafield><datafield ind1=" " ind2=" " tag="500"><subfield code="a">Sig. *8 A-K12 L4</subfield></datafield><datafield ind1="3" ind2=" " tag="510"><subfield code="a">Brunet, G. Imprimeurs imaginaires, p. 173</subfield></datafield><datafield ind1=" " ind2=" " tag="533"><subfield code="a">CD-ROM</subfield><subfield code="b">Oxford</subfield><subfield code="c">Oxford university libraries imaging service</subfield><subfield code="d">2010</subfield><subfield code="e">1 CD-ROM ; 12 cm</subfield></datafield><datafield ind1=" " ind2=" " tag="751"><subfield code="a">Amsterdam (Pays-Bas)</subfield><subfield code="4">pup</subfield><subfield code="0">(IDREF)027375188</subfield></datafield><datafield ind1=" " ind2=" " tag="900"><subfield code="a">REROnoselfmerge</subfield></datafield><datafield ind1=" " ind2=" " tag="993"><subfield code="a">IHR CD 26</subfield><subfield code="x">ge/mhr-/5035</subfield><subfield code="9">LOCAL</subfield></datafield></record>
</metadata></record>