<record><header><identifier>oai:alma.41SLSP_UGE:991000771509705502</identifier><datestamp>2024-09-13T00:22:09Z</datestamp><setSpec>uge_bcen_RapidILL_BOOK</setSpec><setSpec>uge_aaca_RapidILL_BOOK</setSpec><setSpec>uge_abels_RapidILL_BOOK</setSpec><setSpec>uge_dbu_RapidILL_BOOK</setSpec><setSpec>uge_cmu_RapidILL_BOOK</setSpec><setSpec>uge_mail_RapidILL_BOOK</setSpec><setSpec>uge_abbat_RapidILL_BOOK</setSpec><setSpec>UNIGE_ALL</setSpec><setSpec>uge_acar_RapidILL_BOOK</setSpec><setSpec>uge_aobs_RapidILL_BOOK</setSpec></header><metadata>
<record xmlns="http://www.loc.gov/MARC21/slim" xmlns:xsi="http://www.w3.org/2001/XMLSchema-instance" xsi:schemaLocation="http://www.loc.gov/MARC21/slim http://www.loc.gov/standards/marcxml/schema/MARC21slim.xsd"><leader>02634nam a2200577 c 4500</leader><controlfield tag="001">991000771509705502</controlfield><controlfield tag="005">20240912202720.0</controlfield><controlfield tag="008">201011s2000    gw ||||| |||| 00| ||ger d</controlfield><datafield ind1=" " ind2=" " tag="015"><subfield code="a">GFR-CIP-01,N05</subfield><subfield code="a">DNB-01,N05,0915</subfield></datafield><datafield ind1=" " ind2=" " tag="020"><subfield code="a">3806215952</subfield></datafield><datafield ind1=" " ind2=" " tag="035"><subfield code="a">(swissbib)221022449-41slsp_network</subfield></datafield><datafield ind1=" " ind2=" " tag="035"><subfield code="a">221022449</subfield><subfield code="9">ExL</subfield></datafield><datafield ind1=" " ind2=" " tag="035"><subfield code="a">(RERO)R003077807-41slsp</subfield></datafield><datafield ind1=" " ind2=" " tag="035"><subfield code="a">(NEBIS)004200834EBI01</subfield></datafield><datafield ind1=" " ind2=" " tag="035"><subfield code="a">(IDSBB)002400592DSV01</subfield></datafield><datafield ind1=" " ind2=" " tag="035"><subfield code="a">(EXLNZ-41SLSP_NETWORK)991103842499705501</subfield></datafield><datafield ind1=" " ind2=" " tag="040"><subfield code="a">RERO frbcuc</subfield><subfield code="d">CH-ZuSLS</subfield></datafield><datafield ind1=" " ind2="7" tag="072"><subfield code="a">ar</subfield><subfield code="2">rero</subfield></datafield><datafield ind1=" " ind2="7" tag="072"><subfield code="a">ur</subfield><subfield code="2">SzZuIDS BS/BE</subfield></datafield><datafield ind1="1" ind2=" " tag="080"><subfield code="a">903&quot;632&quot;(4D)</subfield></datafield><datafield ind1="1" ind2="4" tag="082"><subfield code="a">930</subfield><subfield code="2">15</subfield></datafield><datafield ind1=" " ind2=" " tag="084"><subfield code="a">60</subfield><subfield code="2">sdnb</subfield></datafield><datafield ind1=" " ind2=" " tag="084"><subfield code="a">NF 1303</subfield><subfield code="2">rvk</subfield></datafield><datafield ind1=" " ind2=" " tag="084"><subfield code="a">NF 2105</subfield><subfield code="2">rvk</subfield></datafield><datafield ind1="1" ind2=" " tag="100"><subfield code="a">Höck, Christiane</subfield><subfield code="0">(IDREF)081197055</subfield><subfield code="4">cre</subfield></datafield><datafield ind1="1" ind2="0" tag="245"><subfield code="a">&lt;&lt;Das&gt;&gt; Magdalénien der Kniegrotte</subfield><subfield code="b">ein Höhlenfundplatz bei Döbritz, Saale-Orla-Kreis</subfield><subfield code="c">Christiane Höck ; Thüringisches Landesamt für Archäologische Denkmalpflege</subfield></datafield><datafield ind1=" " ind2="1" tag="264"><subfield code="a">Stuttgart</subfield><subfield code="b">K. Theiss</subfield><subfield code="c">2000</subfield></datafield><datafield ind1=" " ind2=" " tag="300"><subfield code="a">202 S., 24 S. Taf.</subfield><subfield code="b">Ill.</subfield><subfield code="c">30 cm + 2 Beil.</subfield></datafield><datafield ind1=" " ind2=" " tag="336"><subfield code="b">txt</subfield><subfield code="2">rdacontent</subfield></datafield><datafield ind1=" " ind2=" " tag="337"><subfield code="b">n</subfield><subfield code="2">rdamedia</subfield></datafield><datafield ind1=" " ind2=" " tag="338"><subfield code="b">nc</subfield><subfield code="2">rdacarrier</subfield></datafield><datafield ind1="1" ind2=" " tag="490"><subfield code="a">Weimarer Monographien zur Ur- und Frühgeschichte</subfield><subfield code="v">Bd. 35</subfield></datafield><datafield ind1=" " ind2=" " tag="500"><subfield code="a">Am Kopf der Titelseite: Thüringisches Landesamt für Archäologische Denkmalpflege</subfield></datafield><datafield ind1=" " ind2=" " tag="502"><subfield code="a">Diss. Univ. Köln, 1995</subfield></datafield><datafield ind1=" " ind2="7" tag="650"><subfield code="a">DÖBRITZ (DEUTSCHLAND)</subfield><subfield code="9">ger</subfield><subfield code="0">(ETHUDK)000063387</subfield><subfield code="2">ethudk</subfield></datafield><datafield ind1=" " ind2="7" tag="650"><subfield code="a">HOEHLEN, ABRIS UND HOEHLENFUNDE (VORGESCHICHTE)</subfield><subfield code="9">ger</subfield><subfield code="0">(ETHUDK)000036571</subfield><subfield code="2">ethudk</subfield></datafield><datafield ind1=" " ind2="7" tag="650"><subfield code="a">OBERES PALÄOLITHIKUM (EPOCHEN)</subfield><subfield code="9">ger</subfield><subfield code="0">(ETHUDK)000008932</subfield><subfield code="2">ethudk</subfield></datafield><datafield ind1=" " ind2="7" tag="650"><subfield code="a">Höhle</subfield><subfield code="z">Thüringen</subfield><subfield code="2">idsbb</subfield></datafield><datafield ind1=" " ind2="7" tag="650"><subfield code="a">Magdalénien</subfield><subfield code="z">Deutschland (BRD)</subfield><subfield code="2">idsbb</subfield></datafield><datafield ind1=" " ind2="7" tag="651"><subfield code="a">Kniegrotte</subfield><subfield code="x">Archäologie</subfield><subfield code="2">idsbb</subfield></datafield><datafield ind1=" " ind2="7" tag="655"><subfield code="a">Hochschulschrift</subfield><subfield code="2">gnd-content</subfield></datafield><datafield ind1=" " ind2=" " tag="690"><subfield code="a">Deutschland - Thüringen - Döbritz</subfield><subfield code="2">ubs-A8</subfield></datafield><datafield ind1=" " ind2=" " tag="690"><subfield code="a">Paläolithikum - Jungpaläolithikum - Deutschland</subfield><subfield code="2">ubs-A8</subfield></datafield><datafield ind1=" " ind2=" " tag="690"><subfield code="a">Magdalénien - Deutschland</subfield><subfield code="2">ubs-A8</subfield></datafield><datafield ind1=" " ind2=" " tag="690"><subfield code="a">Höhle - Paläolithikum - Jungpaläolithikum</subfield><subfield code="2">ubs-A8</subfield></datafield><datafield ind1=" " ind2=" " tag="690"><subfield code="a">Steinartefakt - Paläolithikum - Jungpaläolithikum</subfield><subfield code="2">ubs-A8</subfield></datafield><datafield ind1=" " ind2=" " tag="690"><subfield code="a">Bein - Paläolithikum - Jungpaläolithikum</subfield><subfield code="2">ubs-A8</subfield></datafield><datafield ind1="1" ind2=" " tag="710"><subfield code="a">Thüringisches Landesamt für Archäologische Denkmalpflege</subfield><subfield code="g">Weimar</subfield><subfield code="0">(DE-588)16271128-1</subfield></datafield><datafield ind1="2" ind2=" " tag="710"><subfield code="a">Landesamt für Archäologische Denkmalpflege</subfield><subfield code="g">Mayence, Allemagne</subfield><subfield code="0">(IDREF)171865510</subfield></datafield><datafield ind1=" " ind2="0" tag="830"><subfield code="a">Weimarer Monographien zur Ur- und Frühgeschichte</subfield><subfield code="v">35</subfield><subfield code="w">(NEBIS)000009264EBI01</subfield></datafield><datafield ind1=" " ind2="0" tag="830"><subfield code="a">Weimarer Monographien zur Ur- und Frühgeschichte</subfield><subfield code="v">35</subfield><subfield code="w">(RERO)0639640-41slsp</subfield></datafield><datafield ind1=" " ind2=" " tag="900"><subfield code="a">REROnoselfmerge</subfield></datafield></record>
</metadata></record>