<record><header><identifier>oai:alma.41SLSP_UGE:991000771299705502</identifier><datestamp>2023-03-01T01:10:10Z</datestamp><setSpec>uge_bcen_RapidILL_BOOK</setSpec><setSpec>uge_aaca_RapidILL_BOOK</setSpec><setSpec>uge_abels_RapidILL_BOOK</setSpec><setSpec>uge_dbu_RapidILL_BOOK</setSpec><setSpec>uge_cmu_RapidILL_BOOK</setSpec><setSpec>uge_mail_RapidILL_BOOK</setSpec><setSpec>UNIGE_ALL</setSpec><setSpec>uge_abbat_RapidILL_BOOK</setSpec><setSpec>uge_aobs_RapidILL_BOOK</setSpec><setSpec>uge_acar_RapidILL_BOOK</setSpec></header><metadata>
<record xmlns="http://www.loc.gov/MARC21/slim" xmlns:xsi="http://www.w3.org/2001/XMLSchema-instance" xsi:schemaLocation="http://www.loc.gov/MARC21/slim http://www.loc.gov/standards/marcxml/schema/MARC21slim.xsd"><leader>01909nam a2200409 c 4500</leader><controlfield tag="001">991000771299705502</controlfield><controlfield tag="005">20230214193403.0</controlfield><controlfield tag="008">201011s1971    sw ||||| |||| 10| ||eng d</controlfield><datafield ind1=" " ind2=" " tag="035"><subfield code="a">(swissbib)21726977X-41slsp_network</subfield></datafield><datafield ind1=" " ind2=" " tag="035"><subfield code="a">21726977X</subfield><subfield code="9">ExL</subfield></datafield><datafield ind1=" " ind2=" " tag="035"><subfield code="a">(RERO)0098929-41slsp</subfield></datafield><datafield ind1=" " ind2=" " tag="035"><subfield code="a">(IDSBB)001626978DSV01</subfield></datafield><datafield ind1=" " ind2=" " tag="035"><subfield code="a">(EXLNZ-41SLSP_NETWORK)991020534929705501</subfield></datafield><datafield ind1=" " ind2=" " tag="040"><subfield code="a">RERO</subfield><subfield code="d">CH-ZuSLS</subfield></datafield><datafield ind1=" " ind2="7" tag="072"><subfield code="a">go</subfield><subfield code="2">rero</subfield></datafield><datafield ind1=" " ind2="7" tag="072"><subfield code="a">bt</subfield><subfield code="2">rero</subfield></datafield><datafield ind1=" " ind2="7" tag="072"><subfield code="a">ge</subfield><subfield code="2">SzZuIDS BS/BE</subfield></datafield><datafield ind1="0" ind2="0" tag="245"><subfield code="a">Information systems for regional development</subfield><subfield code="b">a seminar : general papers</subfield><subfield code="c">United Nations Research Institute for social Development, Univ. of Lund Dept of Social and Economic Geography ; ed. by Torsten Haegerstrand and Antoni R. Kuklinski</subfield></datafield><datafield ind1=" " ind2="1" tag="264"><subfield code="a">Lund</subfield><subfield code="b">The Royal University of Lund Dept. of geography</subfield><subfield code="c">1971</subfield></datafield><datafield ind1=" " ind2=" " tag="300"><subfield code="a">XIV, 266 p.</subfield><subfield code="b">ill.</subfield><subfield code="c">24 cm</subfield></datafield><datafield ind1=" " ind2=" " tag="336"><subfield code="b">txt</subfield><subfield code="2">rdacontent</subfield></datafield><datafield ind1=" " ind2=" " tag="337"><subfield code="b">n</subfield><subfield code="2">rdamedia</subfield></datafield><datafield ind1=" " ind2=" " tag="338"><subfield code="b">nc</subfield><subfield code="2">rdacarrier</subfield></datafield><datafield ind1="1" ind2=" " tag="490"><subfield code="a">Lund studies in geography. Ser. B, Human geography</subfield><subfield code="v">no. 37</subfield></datafield><datafield ind1=" " ind2="7" tag="650"><subfield code="a">Économie régionale</subfield><subfield code="0">(IDREF)027467341</subfield><subfield code="2">idref</subfield></datafield><datafield ind1=" " ind2="4" tag="650"><subfield code="a">Informationsmodell</subfield></datafield><datafield ind1=" " ind2="4" tag="650"><subfield code="a">Informationssystem</subfield></datafield><datafield ind1=" " ind2="4" tag="650"><subfield code="a">Regionalplanung</subfield></datafield><datafield ind1=" " ind2="7" tag="655"><subfield code="a">Actes de congrès</subfield><subfield code="0">(IDREF)02886431X</subfield><subfield code="2">idref</subfield></datafield><datafield ind1="1" ind2=" " tag="700"><subfield code="a">Kulinski, Antoni R.</subfield></datafield><datafield ind1="1" ind2=" " tag="700"><subfield code="a">Kukliński, Antoni</subfield><subfield code="d">1927-2015</subfield><subfield code="0">(IDREF)066776201</subfield></datafield><datafield ind1="1" ind2=" " tag="700"><subfield code="a">Hägerstrand, Torsten</subfield><subfield code="d">1916-2004</subfield><subfield code="0">(DE-588)104382863X</subfield><subfield code="6">880-03</subfield></datafield><datafield ind1="1" ind2=" " tag="880"><subfield code="6">700-03</subfield><subfield code="a">Hägerstrand, Torsten</subfield><subfield code="c">géographe</subfield><subfield code="d">1916-2004</subfield><subfield code="0">(IDREF)052470393</subfield></datafield><datafield ind1="2" ind2=" " tag="710"><subfield code="a">Lunds Universitet</subfield><subfield code="b">Department of social and economic geography</subfield><subfield code="b">Séminaire</subfield><subfield code="d">1969</subfield><subfield code="c">Lund</subfield><subfield code="0">(RERO)A012338056</subfield></datafield><datafield ind1="2" ind2=" " tag="710"><subfield code="a">Nations Unies</subfield><subfield code="b">Institut de recherche pour le développement social</subfield><subfield code="b">Séminaire</subfield><subfield code="d">1969</subfield><subfield code="c">Lund</subfield><subfield code="0">(RERO)A012338058</subfield></datafield><datafield ind1=" " ind2=" " tag="830"><subfield code="a">Lund studies in geography</subfield><subfield code="p">Series B, Human geography</subfield><subfield code="v">37</subfield><subfield code="w">(IDSBB)000093825DSV01</subfield></datafield><datafield ind1=" " ind2=" " tag="830"><subfield code="a">Lund Studies in Geography</subfield><subfield code="p">Ser. B, Human geography</subfield><subfield code="v">37</subfield><subfield code="w">(RERO)0098765-41slsp</subfield></datafield><datafield ind1=" " ind2=" " tag="900"><subfield code="a">REROnoselfmerge</subfield></datafield></record>
</metadata></record>