<record><header><identifier>oai:alma.41SLSP_UGE:991000771179705502</identifier><datestamp>2023-03-01T01:10:10Z</datestamp><setSpec>uge_bcen_RapidILL_BOOK</setSpec><setSpec>uge_aaca_RapidILL_BOOK</setSpec><setSpec>uge_abels_RapidILL_BOOK</setSpec><setSpec>uge_dbu_RapidILL_BOOK</setSpec><setSpec>uge_cmu_RapidILL_BOOK</setSpec><setSpec>uge_mail_RapidILL_BOOK</setSpec><setSpec>UNIGE_ALL</setSpec><setSpec>uge_abbat_RapidILL_BOOK</setSpec><setSpec>uge_aobs_RapidILL_BOOK</setSpec><setSpec>uge_acar_RapidILL_BOOK</setSpec></header><metadata>
<record xmlns="http://www.loc.gov/MARC21/slim" xmlns:xsi="http://www.w3.org/2001/XMLSchema-instance" xsi:schemaLocation="http://www.loc.gov/MARC21/slim http://www.loc.gov/standards/marcxml/schema/MARC21slim.xsd"><leader>01322nam a2200301 c 4500</leader><controlfield tag="001">991000771179705502</controlfield><controlfield tag="005">20210206211256.0</controlfield><controlfield tag="008">201011s1981    mx ||||| |||| 00| ||spa d</controlfield><datafield ind1=" " ind2=" " tag="035"><subfield code="a">(swissbib)22711969X-41slsp_network</subfield></datafield><datafield ind1=" " ind2=" " tag="035"><subfield code="a">22711969X</subfield><subfield code="9">ExL</subfield></datafield><datafield ind1=" " ind2=" " tag="035"><subfield code="a">(RERO)R003936370-41slsp</subfield></datafield><datafield ind1=" " ind2=" " tag="035"><subfield code="a">(IDSBB)004698879DSV01</subfield></datafield><datafield ind1=" " ind2=" " tag="035"><subfield code="a">(EXLNZ-41SLSP_NETWORK)991113559989705501</subfield></datafield><datafield ind1=" " ind2=" " tag="040"><subfield code="a">RERO geussa</subfield><subfield code="d">CH-ZuSLS</subfield></datafield><datafield ind1="0" ind2=" " tag="041"><subfield code="a">spa</subfield><subfield code="a">fre</subfield></datafield><datafield ind1=" " ind2="7" tag="072"><subfield code="a">ar</subfield><subfield code="2">rero</subfield></datafield><datafield ind1="0" ind2="0" tag="245"><subfield code="a">Arte paleolítico</subfield><subfield code="b">X Congreso, Union internacional de ciencias prehistoricas y protohistoricas : comision XI, coloquio : Mexico, D.F., octubre 19-24, 1981</subfield><subfield code="c">Presidente: Paolo Graziosi, Hans-Georg Bandi</subfield></datafield><datafield ind1=" " ind2="1" tag="264"><subfield code="a">Mexico</subfield><subfield code="b">UISPP</subfield><subfield code="c">1981</subfield></datafield><datafield ind1=" " ind2=" " tag="300"><subfield code="a">122 p.</subfield><subfield code="b">ill.</subfield><subfield code="c">23 cm</subfield></datafield><datafield ind1=" " ind2=" " tag="336"><subfield code="b">txt</subfield><subfield code="2">rdacontent</subfield></datafield><datafield ind1=" " ind2=" " tag="337"><subfield code="b">n</subfield><subfield code="2">rdamedia</subfield></datafield><datafield ind1=" " ind2=" " tag="338"><subfield code="b">nc</subfield><subfield code="2">rdacarrier</subfield></datafield><datafield ind1=" " ind2=" " tag="500"><subfield code="a">Les articles sont en espagnol ou en français</subfield></datafield><datafield ind1=" " ind2="7" tag="655"><subfield code="a">Konferenzschrift</subfield><subfield code="z">Mexiko (Stadt)</subfield><subfield code="y">1981</subfield><subfield code="2">gnd-content</subfield></datafield><datafield ind1="1" ind2=" " tag="700"><subfield code="a">Graziosi, Paolo</subfield><subfield code="d">1907-1988</subfield><subfield code="0">(DE-588)17210422X</subfield><subfield code="6">880-02</subfield></datafield><datafield ind1="1" ind2=" " tag="880"><subfield code="6">700-02</subfield><subfield code="a">Graziosi, Paolo</subfield><subfield code="d">1906-1988</subfield><subfield code="0">(IDREF)033529744</subfield></datafield><datafield ind1="2" ind2=" " tag="710"><subfield code="a">Union internationale des sciences préhistoriques et protohistoriques</subfield><subfield code="b">Congrès</subfield><subfield code="n">10</subfield><subfield code="d">1981</subfield><subfield code="c">Mexico</subfield><subfield code="0">(IDREF)139966986</subfield></datafield><datafield ind1="2" ind2=" " tag="711"><subfield code="a">International Congress of Prehistoric and Protohistoric Sciences</subfield><subfield code="n">10</subfield><subfield code="d">1981</subfield><subfield code="c">Mexiko, Stadt</subfield><subfield code="0">(DE-588)3019326-6</subfield></datafield><datafield ind1=" " ind2=" " tag="900"><subfield code="a">REROnoselfmerge</subfield></datafield></record>
</metadata></record>