<record><header><identifier>oai:alma.41SLSP_UGE:991000771279705502</identifier><datestamp>2023-11-22T01:29:40Z</datestamp><setSpec>uge_cmu_RapidILL_JOURNAL</setSpec><setSpec>uge_aobs_RapidILL_JOURNAL</setSpec><setSpec>uge_aaca_RapidILL_JOURNAL</setSpec><setSpec>uge_bcen_RapidILL_JOURNAL</setSpec><setSpec>uge_abbat_RapidILL_JOURNAL</setSpec><setSpec>uge_mail_RapidILL_JOURNAL</setSpec><setSpec>uge_dbu_RapidILL_JOURNAL</setSpec><setSpec>UNIGE_ALL</setSpec><setSpec>uge_abels_RapidILL_JOURNAL</setSpec><setSpec>uge_acar_RapidILL_JOURNAL</setSpec></header><metadata>
<record xmlns="http://www.loc.gov/MARC21/slim" xmlns:xsi="http://www.w3.org/2001/XMLSchema-instance" xsi:schemaLocation="http://www.loc.gov/MARC21/slim http://www.loc.gov/standards/marcxml/schema/MARC21slim.xsd"><leader>00910nas a22002652c 4500</leader><controlfield tag="001">991000771279705502</controlfield><controlfield tag="005">20201229212450.0</controlfield><controlfield tag="008">201011c19759999bu || p|  ||| 0    |bul d</controlfield><datafield ind1=" " ind2=" " tag="019"><subfield code="a">Rekat nach ZDB-ID 800005-0</subfield><subfield code="5">NEBIS/e32, 7.8.2008</subfield></datafield><datafield ind1=" " ind2=" " tag="035"><subfield code="a">(swissbib)214679543-41slsp_network</subfield></datafield><datafield ind1=" " ind2=" " tag="035"><subfield code="a">214679543</subfield><subfield code="9">ExL</subfield></datafield><datafield ind1=" " ind2=" " tag="035"><subfield code="a">(RERO)R007272808-41slsp</subfield></datafield><datafield ind1=" " ind2=" " tag="035"><subfield code="a">(NEBIS)005643263EBI01</subfield></datafield><datafield ind1=" " ind2=" " tag="035"><subfield code="a">(EXLNZ-41SLSP_NETWORK)991014330549705501</subfield></datafield><datafield ind1=" " ind2=" " tag="040"><subfield code="a">SzZuIDS NEBIS SLM</subfield><subfield code="d">CH-ZuSLS</subfield></datafield><datafield ind1=" " ind2="7" tag="072"><subfield code="a">ar</subfield><subfield code="2">rero</subfield></datafield><datafield ind1="0" ind2="0" tag="245"><subfield code="a">Godisnik na muzeite ot Severna Balgarija</subfield><subfield code="b">= Jahrbuch der Museen in Nordbulgarien</subfield><subfield code="c">Kulturno-Istoricesko Nasledsrtvo</subfield></datafield><datafield ind1="1" ind2=" " tag="246"><subfield code="a">Jahrbuch der Museen in Nordbulgarien</subfield></datafield><datafield ind1=" " ind2="1" tag="264"><subfield code="a">Beliko Tarnovo</subfield><subfield code="b">PIK</subfield></datafield><datafield ind1=" " ind2=" " tag="336"><subfield code="b">txt</subfield><subfield code="2">rdacontent</subfield></datafield><datafield ind1=" " ind2=" " tag="337"><subfield code="b">n</subfield><subfield code="2">rdamedia</subfield></datafield><datafield ind1=" " ind2=" " tag="338"><subfield code="b">nc</subfield><subfield code="2">rdacarrier</subfield></datafield><datafield ind1="0" ind2=" " tag="362"><subfield code="a">1 (1975) -</subfield></datafield><datafield ind1=" " ind2=" " tag="500"><subfield code="a">Index 1/10.1975/84 in: 11.1985 ; 11/20.1985/95 in: 20.1995</subfield></datafield><datafield ind1=" " ind2=" " tag="900"><subfield code="a">REROnoselfmerge</subfield></datafield><datafield ind1=" " ind2=" " tag="900"><subfield code="a">NEBISnoselfmerge</subfield></datafield><datafield ind1="0" ind2=" " tag="787"><subfield code="t">Périodiques en antiquité grecque et romaine</subfield><subfield code="w">81221442360005502</subfield><subfield code="i">Alma Collection</subfield></datafield></record>
</metadata></record>