<record><header><identifier>oai:alma.41SLSP_UGE:991000771079705502</identifier><datestamp>2023-03-01T01:10:10Z</datestamp><setSpec>uge_bcen_RapidILL_BOOK</setSpec><setSpec>uge_aaca_RapidILL_BOOK</setSpec><setSpec>uge_abels_RapidILL_BOOK</setSpec><setSpec>uge_dbu_RapidILL_BOOK</setSpec><setSpec>uge_cmu_RapidILL_BOOK</setSpec><setSpec>uge_mail_RapidILL_BOOK</setSpec><setSpec>UNIGE_ALL</setSpec><setSpec>uge_abbat_RapidILL_BOOK</setSpec><setSpec>uge_aobs_RapidILL_BOOK</setSpec><setSpec>uge_acar_RapidILL_BOOK</setSpec></header><metadata>
<record xmlns="http://www.loc.gov/MARC21/slim" xmlns:xsi="http://www.w3.org/2001/XMLSchema-instance" xsi:schemaLocation="http://www.loc.gov/MARC21/slim http://www.loc.gov/standards/marcxml/schema/MARC21slim.xsd"><leader>03798nam a2200313 c 4500</leader><controlfield tag="001">991000771079705502</controlfield><controlfield tag="005">20201126033901.0</controlfield><controlfield tag="008">041011s1960    le ||||| |||| 00| ||ara d</controlfield><datafield ind1=" " ind2=" " tag="035"><subfield code="a">(swissbib)10111172X-41slsp_network</subfield></datafield><datafield ind1=" " ind2=" " tag="035"><subfield code="a">10111172X</subfield><subfield code="9">ExL</subfield></datafield><datafield ind1=" " ind2=" " tag="035"><subfield code="a">(RERO)R003718155-41slsp</subfield></datafield><datafield ind1=" " ind2=" " tag="035"><subfield code="a">(EXLNZ-41SLSP_NETWORK)991135329709705501</subfield></datafield><datafield ind1=" " ind2=" " tag="040"><subfield code="a">RERO geular</subfield><subfield code="d">CH-ZuSLS</subfield></datafield><datafield ind1=" " ind2="7" tag="072"><subfield code="a">hm</subfield><subfield code="2">rero</subfield></datafield><datafield ind1="1" ind2=" " tag="100"><subfield code="6">880-01</subfield><subfield code="a">Zaydān, Ǧurǧī</subfield><subfield code="d">1861-1914</subfield><subfield code="0">(IDREF)067036104</subfield><subfield code="4">cre</subfield></datafield><datafield ind1="1" ind2=" " tag="880"><subfield code="6">100-01/(3/r</subfield><subfield code="a">زيدان، جرجي</subfield><subfield code="d">1861-1914</subfield></datafield><datafield ind1="1" ind2="0" tag="245"><subfield code="6">880-02</subfield><subfield code="a">Fatāt Ghassān</subfield><subfield code="b">riwāyah taʾrīkhīyah tashraḥu ḥāl al-islām mundhu awwal ẓuhūrihi ḥattá futūḥāt al-ʿIrāq wa-al-Shām maʿa basṭ ʿādāt al-ʿArab fī āhir jāhilīyatihim wa-awwal islāmihim wa-waṣf akhlāqihim wa-azyāʾihim wa-sāʾir aḥwālihim</subfield><subfield code="c">taʾlīf Jurjī Zaydān</subfield></datafield><datafield ind1="1" ind2="0" tag="880"><subfield code="6">245-02/(3/r</subfield><subfield code="a">فتات غسان</subfield><subfield code="b">رواية تأريخية تشرح حال الإسلام منذ أول ظهوره حتى فتوحات العراق والشام مع بسط عادات العرب في آخر جاهليتهم وأول إسلامهم ووصف أخلاقهم وأزيائهم وسائر أحوالهم</subfield><subfield code="c">تأليف جرجي زيدان</subfield></datafield><datafield ind1="1" ind2=" " tag="246"><subfield code="a">Fatāt Ḡassān</subfield><subfield code="b">riwāya taʾrīẖiyya tašraḥu ḥāl al-islām munḏu awwal ẓuhūrihi ḥattā futūḥāt al-ʿIrāq wa aš-Šām maʿa basṭ ʿādāt al-ʿArab fī āhir ǧāhiliyyatihim wa awwal islāmihim wa waṣf aẖlāqihim wa azyāʾihim wa sāʾir aḥwālihim / taʾlīf Ǧurǧī Zaydān</subfield></datafield><datafield ind1=" " ind2="1" tag="264"><subfield code="6">880-03</subfield><subfield code="a">Bayrūt</subfield><subfield code="b">ʿĀlam al-kutub</subfield><subfield code="c">[ca 1960]</subfield></datafield><datafield ind1=" " ind2="1" tag="880"><subfield code="6">264-03/(3/r</subfield><subfield code="a">بيروت</subfield><subfield code="b">عالم الكتب</subfield><subfield code="c">[ca 1960]</subfield></datafield><datafield ind1=" " ind2=" " tag="300"><subfield code="a">2 vol.</subfield><subfield code="b">ill.</subfield><subfield code="c">20 cm</subfield></datafield><datafield ind1=" " ind2=" " tag="336"><subfield code="b">txt</subfield><subfield code="2">rdacontent</subfield></datafield><datafield ind1=" " ind2=" " tag="337"><subfield code="b">n</subfield><subfield code="2">rdamedia</subfield></datafield><datafield ind1=" " ind2=" " tag="338"><subfield code="b">nc</subfield><subfield code="2">rdacarrier</subfield></datafield><datafield ind1="1" ind2=" " tag="490"><subfield code="6">880-04</subfield><subfield code="a">Riwāyāt taʾrīh̲ al-islām</subfield></datafield><datafield ind1="0" ind2=" " tag="880"><subfield code="6">490-04/(3/r</subfield><subfield code="a">روايات تأريخ الإسلام</subfield></datafield><datafield ind1=" " ind2=" " tag="830"><subfield code="6">880-06</subfield><subfield code="a">Riwāyāt taʾrīkh al-islām</subfield><subfield code="w">(RERO)R009078846-41slsp</subfield></datafield><datafield ind1=" " ind2="0" tag="880"><subfield code="6">830-06</subfield><subfield code="a">روايات تأريخ الإسلام</subfield></datafield><datafield ind1=" " ind2=" " tag="900"><subfield code="a">REROnoselfmerge</subfield></datafield></record>
</metadata></record>