<record><header><identifier>oai:alma.41SLSP_UGE:991000771599705502</identifier><datestamp>2023-03-01T01:10:10Z</datestamp><setSpec>uge_bcen_RapidILL_BOOK</setSpec><setSpec>uge_aaca_RapidILL_BOOK</setSpec><setSpec>uge_abels_RapidILL_BOOK</setSpec><setSpec>uge_dbu_RapidILL_BOOK</setSpec><setSpec>uge_cmu_RapidILL_BOOK</setSpec><setSpec>uge_mail_RapidILL_BOOK</setSpec><setSpec>UNIGE_ALL</setSpec><setSpec>uge_abbat_RapidILL_BOOK</setSpec><setSpec>uge_acar_RapidILL_BOOK</setSpec><setSpec>uge_aobs_RapidILL_BOOK</setSpec></header><metadata>
<record xmlns="http://www.loc.gov/MARC21/slim" xmlns:xsi="http://www.w3.org/2001/XMLSchema-instance" xsi:schemaLocation="http://www.loc.gov/MARC21/slim http://www.loc.gov/standards/marcxml/schema/MARC21slim.xsd"><leader>01727nam a2200397 c 4500</leader><controlfield tag="001">991000771599705502</controlfield><controlfield tag="005">20230122170144.0</controlfield><controlfield tag="008">000803s1998    fr ||||| |||| 00| ||fre d</controlfield><datafield ind1=" " ind2=" " tag="020"><subfield code="a">2912186048</subfield></datafield><datafield ind1="7" ind2=" " tag="024"><subfield code="a">http://catalogue.bnf.fr/ark:/12148/cb37027647r</subfield><subfield code="2">uri</subfield></datafield><datafield ind1=" " ind2=" " tag="035"><subfield code="a">(swissbib)094408033-41slsp_network</subfield></datafield><datafield ind1=" " ind2=" " tag="035"><subfield code="a">094408033</subfield><subfield code="9">ExL</subfield></datafield><datafield ind1=" " ind2=" " tag="035"><subfield code="a">(RERO)R248928160-41slsp</subfield></datafield><datafield ind1=" " ind2=" " tag="035"><subfield code="a">(EXLNZ-41SLSP_NETWORK)991013004659705501</subfield></datafield><datafield ind1=" " ind2=" " tag="040"><subfield code="a">RERO geies-</subfield><subfield code="d">CH-ZuSLS</subfield></datafield><datafield ind1="1" ind2=" " tag="041"><subfield code="a">fre</subfield><subfield code="h">eng</subfield></datafield><datafield ind1=" " ind2="7" tag="072"><subfield code="a">ps</subfield><subfield code="2">rero</subfield></datafield><datafield ind1="1" ind2=" " tag="100"><subfield code="a">Harris, Martha</subfield><subfield code="d">1920-1986</subfield><subfield code="0">(IDREF)026915235</subfield><subfield code="4">cre</subfield></datafield><datafield ind1="1" ind2="0" tag="245"><subfield code="a">&lt;&lt;Les&gt;&gt; écrits de Martha Harris et d'Esther Bick</subfield><subfield code="b">&quot;Collected papers of Martha Harris and Esther Bick&quot;</subfield><subfield code="c">sous la dir. de Meg Harris Williams ; trad. de l'anglais par Jacques et Jeanne Pourrinet</subfield></datafield><datafield ind1=" " ind2=" " tag="250"><subfield code="a">Ed. française préf. par Sheila Miller et Gianna Polacco Williams</subfield></datafield><datafield ind1=" " ind2="1" tag="264"><subfield code="a">Larmor-Plage</subfield><subfield code="b">Ed. du Hublot</subfield><subfield code="c">1998</subfield></datafield><datafield ind1=" " ind2=" " tag="300"><subfield code="a">382 p. ; 24 cm</subfield></datafield><datafield ind1=" " ind2=" " tag="336"><subfield code="b">txt</subfield><subfield code="2">rdacontent</subfield></datafield><datafield ind1=" " ind2=" " tag="337"><subfield code="b">n</subfield><subfield code="2">rdamedia</subfield></datafield><datafield ind1=" " ind2=" " tag="338"><subfield code="b">nc</subfield><subfield code="2">rdacarrier</subfield></datafield><datafield ind1="1" ind2=" " tag="490"><subfield code="a">Collection Tavistock Clinic</subfield></datafield><datafield ind1=" " ind2=" " tag="500"><subfield code="a">Trad. de: Collected papers of Martha Harris and Esther Bick. L'ouvrage comporte des articles de Martha Harris et rassemble l'ensemble des écrits de Esther Bick</subfield></datafield><datafield ind1=" " ind2="7" tag="650"><subfield code="a">Psychothérapie</subfield><subfield code="0">(IDREF)027352382</subfield><subfield code="2">idref</subfield></datafield><datafield ind1=" " ind2="7" tag="650"><subfield code="a">Famille</subfield><subfield code="0">(IDREF)027258556</subfield><subfield code="2">idref</subfield></datafield><datafield ind1=" " ind2="7" tag="650"><subfield code="a">Psychologie</subfield><subfield code="0">(IDREF)027346900</subfield><subfield code="2">idref</subfield></datafield><datafield ind1=" " ind2="7" tag="650"><subfield code="a">Adolescents</subfield><subfield code="0">(IDREF)027276228</subfield><subfield code="2">idref</subfield></datafield><datafield ind1=" " ind2="7" tag="650"><subfield code="a">Enfants</subfield><subfield code="0">(IDREF)027233278</subfield><subfield code="2">idref</subfield></datafield><datafield ind1="1" ind2=" " tag="700"><subfield code="a">Williams, Meg Harris</subfield><subfield code="d">1951-....</subfield><subfield code="0">(IDREF)051621134</subfield></datafield><datafield ind1="1" ind2=" " tag="700"><subfield code="a">Pourrinet, Jacques</subfield><subfield code="0">(IDREF)050317873</subfield><subfield code="4">trl</subfield></datafield><datafield ind1="1" ind2=" " tag="700"><subfield code="a">Bick, Esther</subfield><subfield code="0">(RERO)A005613815</subfield></datafield><datafield ind1=" " ind2=" " tag="830"><subfield code="a">Collection Tavistock Clinic</subfield><subfield code="w">(RERO)R218794860-41slsp</subfield></datafield><datafield ind1=" " ind2=" " tag="900"><subfield code="a">REROnoselfmerge</subfield></datafield></record>
</metadata></record>