<record><header><identifier>oai:alma.41SLSP_UGE:991000771389705502</identifier><datestamp>2023-03-01T01:10:10Z</datestamp><setSpec>uge_bcen_RapidILL_BOOK</setSpec><setSpec>uge_aaca_RapidILL_BOOK</setSpec><setSpec>uge_abels_RapidILL_BOOK</setSpec><setSpec>uge_dbu_RapidILL_BOOK</setSpec><setSpec>uge_cmu_RapidILL_BOOK</setSpec><setSpec>uge_mail_RapidILL_BOOK</setSpec><setSpec>UNIGE_ALL</setSpec><setSpec>uge_abbat_RapidILL_BOOK</setSpec><setSpec>uge_aobs_RapidILL_BOOK</setSpec><setSpec>uge_acar_RapidILL_BOOK</setSpec></header><metadata>
<record xmlns="http://www.loc.gov/MARC21/slim" xmlns:xsi="http://www.w3.org/2001/XMLSchema-instance" xsi:schemaLocation="http://www.loc.gov/MARC21/slim http://www.loc.gov/standards/marcxml/schema/MARC21slim.xsd"><leader>01804nam a2200433 c 4500</leader><controlfield tag="001">991000771389705502</controlfield><controlfield tag="005">20210206210302.0</controlfield><controlfield tag="008">201011s1978    it ||||| |||| 00| ||ita d</controlfield><datafield ind1=" " ind2=" " tag="010"><subfield code="a">78367380</subfield></datafield><datafield ind1=" " ind2=" " tag="015"><subfield code="a">It78-Apr</subfield></datafield><datafield ind1=" " ind2=" " tag="020"><subfield code="c">L4800</subfield></datafield><datafield ind1=" " ind2=" " tag="035"><subfield code="a">(swissbib)225013355-41slsp_network</subfield></datafield><datafield ind1=" " ind2=" " tag="035"><subfield code="a">225013355</subfield><subfield code="9">ExL</subfield></datafield><datafield ind1=" " ind2=" " tag="035"><subfield code="a">(RERO)R258472660-41slsp</subfield></datafield><datafield ind1=" " ind2=" " tag="035"><subfield code="a">(IDSBB)004229442DSV01</subfield></datafield><datafield ind1=" " ind2=" " tag="035"><subfield code="a">(EXLNZ-41SLSP_NETWORK)991098125489705501</subfield></datafield><datafield ind1=" " ind2=" " tag="040"><subfield code="a">RERO tibrb-</subfield><subfield code="d">CH-ZuSLS</subfield></datafield><datafield ind1=" " ind2=" " tag="050"><subfield code="a">PQ4835.A48</subfield><subfield code="b">Z86</subfield></datafield><datafield ind1=" " ind2="7" tag="072"><subfield code="a">it</subfield><subfield code="2">rero</subfield></datafield><datafield ind1=" " ind2="7" tag="072"><subfield code="a">it</subfield><subfield code="2">SzZuIDS BS/BE</subfield></datafield><datafield ind1="0" ind2="0" tag="245"><subfield code="a">Perché Pasolini</subfield><subfield code="b">ideologia e stile di un intellettuale militante</subfield><subfield code="c">a cura di Gualtiero De Santi, Maria Lenti e Roberto Rossini ; [interventi di Baldelli ...et al.]</subfield></datafield><datafield ind1=" " ind2="1" tag="264"><subfield code="a">Firenze</subfield><subfield code="b">Guaraldi</subfield><subfield code="c">1978</subfield></datafield><datafield ind1=" " ind2=" " tag="300"><subfield code="a">223 p.</subfield><subfield code="c">21 cm</subfield></datafield><datafield ind1=" " ind2=" " tag="336"><subfield code="b">txt</subfield><subfield code="2">rdacontent</subfield></datafield><datafield ind1=" " ind2=" " tag="337"><subfield code="b">n</subfield><subfield code="2">rdamedia</subfield></datafield><datafield ind1=" " ind2=" " tag="338"><subfield code="b">nc</subfield><subfield code="2">rdacarrier</subfield></datafield><datafield ind1=" " ind2=" " tag="500"><subfield code="a">&quot;Questo volume contiene i materiali della settimana di studio Pasolini ideologia e stile, organizzata dal comune di Urbino, 21-28 novembre 1976.&quot;</subfield></datafield><datafield ind1=" " ind2=" " tag="504"><subfield code="a">Includes bibliographical references</subfield></datafield><datafield ind1="1" ind2="7" tag="600"><subfield code="a">Pasolini, Pier Paolo</subfield><subfield code="d">1922-1975</subfield><subfield code="0">(IDREF)027059456</subfield><subfield code="2">idref</subfield></datafield><datafield ind1="1" ind2="7" tag="600"><subfield code="a">Pasolini, Pier Paolo</subfield><subfield code="d">1922-1975</subfield><subfield code="0">(DE-588)118591908</subfield><subfield code="2">gnd</subfield></datafield><datafield ind1="1" ind2="0" tag="600"><subfield code="a">Pasolini, Pier Paolo</subfield><subfield code="d">1922-1975</subfield><subfield code="x">Political and social views</subfield><subfield code="x">Congresses</subfield></datafield><datafield ind1="1" ind2="7" tag="600"><subfield code="a">Pasolini, Pier Paolo</subfield><subfield code="x">Politik und Gesellschaft</subfield><subfield code="v">Kongressbericht</subfield><subfield code="2">idsbb</subfield></datafield><datafield ind1=" " ind2="7" tag="655"><subfield code="a">[Études diverses]</subfield><subfield code="0">(RERO)A022249905</subfield><subfield code="2">rero</subfield></datafield><datafield ind1=" " ind2="7" tag="655"><subfield code="a">Konferenzschrift</subfield><subfield code="z">Urbino</subfield><subfield code="y">1976</subfield><subfield code="2">gnd-content</subfield></datafield><datafield ind1="1" ind2=" " tag="700"><subfield code="a">Lenti, Maria</subfield><subfield code="0">(RERO)A005742674</subfield></datafield><datafield ind1="1" ind2=" " tag="700"><subfield code="a">Rossini, Roberto</subfield><subfield code="d">19..-....</subfield><subfield code="0">(IDREF)147161215</subfield></datafield><datafield ind1="1" ind2=" " tag="700"><subfield code="a">De Santi, Gualtiero</subfield><subfield code="0">(DE-588)1055750789</subfield><subfield code="6">880-04</subfield></datafield><datafield ind1="1" ind2=" " tag="880"><subfield code="6">700-04</subfield><subfield code="a">De Santi, Gualtiero</subfield><subfield code="d">19..-....</subfield><subfield code="0">(IDREF)027973646</subfield></datafield><datafield ind1="1" ind2=" " tag="700"><subfield code="a">Baldelli, Pio</subfield><subfield code="0">(IDREF)032287933</subfield></datafield><datafield ind1=" " ind2=" " tag="900"><subfield code="a">REROnoselfmerge</subfield></datafield><datafield ind1=" " ind2=" " tag="993"><subfield code="a">BFLA 168801</subfield><subfield code="x">ge/ulit/a/FLt 31842</subfield><subfield code="9">LOCAL</subfield></datafield></record>
</metadata></record>