<record><header><identifier>oai:alma.41SLSP_UGE:991000801099705502</identifier><datestamp>2023-10-24T01:36:49Z</datestamp><setSpec>uge_bcen_RapidILL_BOOK</setSpec><setSpec>uge_aaca_RapidILL_BOOK</setSpec><setSpec>uge_abels_RapidILL_BOOK</setSpec><setSpec>uge_dbu_RapidILL_BOOK</setSpec><setSpec>uge_cmu_RapidILL_BOOK</setSpec><setSpec>uge_mail_RapidILL_BOOK</setSpec><setSpec>uge_abbat_RapidILL_BOOK</setSpec><setSpec>UNIGE_ALL</setSpec><setSpec>uge_acar_RapidILL_BOOK</setSpec><setSpec>uge_aobs_RapidILL_BOOK</setSpec></header><metadata>
<record xmlns="http://www.loc.gov/MARC21/slim" xmlns:xsi="http://www.w3.org/2001/XMLSchema-instance" xsi:schemaLocation="http://www.loc.gov/MARC21/slim http://www.loc.gov/standards/marcxml/schema/MARC21slim.xsd"><leader>03477nam a2200265 c 4500</leader><controlfield tag="001">991000801099705502</controlfield><controlfield tag="005">20230303215139.0</controlfield><controlfield tag="008">150130s2011    gr ||||| |||| 00| ||gre d</controlfield><datafield ind1=" " ind2=" " tag="020"><subfield code="a">9789609582025</subfield></datafield><datafield ind1=" " ind2=" " tag="035"><subfield code="a">(swissbib)121131599-41slsp_network</subfield></datafield><datafield ind1=" " ind2=" " tag="035"><subfield code="a">121131599</subfield><subfield code="9">ExL</subfield></datafield><datafield ind1=" " ind2=" " tag="035"><subfield code="a">(RERO)R008054704-41slsp</subfield></datafield><datafield ind1=" " ind2=" " tag="035"><subfield code="a">(EXLNZ-41SLSP_NETWORK)991054634619705501</subfield></datafield><datafield ind1=" " ind2=" " tag="040"><subfield code="a">HALUC</subfield><subfield code="d">CH-ZuSLS</subfield></datafield><datafield ind1=" " ind2="7" tag="072"><subfield code="a">gr</subfield><subfield code="2">rero</subfield></datafield><datafield ind1="0" ind2="0" tag="082"><subfield code="a">489.3</subfield></datafield><datafield ind1="1" ind2=" " tag="100"><subfield code="a">Κλαίρης, Χρήστος</subfield><subfield code="d">1941-</subfield><subfield code="4">cre</subfield></datafield><datafield ind1="1" ind2="0" tag="245"><subfield code="a">Συνοπτική γραμματική της νέας ελληνικής</subfield><subfield code="b">δομολειτουργική-επικοινωνιακή : μια νέα γραμματική για όλους:επικοινωνιακή προσέγγιση, γραμματική και σύνταξη μαζί, χιλιάδες παραδείγματα από τη χρήση της γλώσσας</subfield><subfield code="c">Χρήστος Κλαίρης, Γεώργιος Μπαμπινιώτης ; σε συνεργασία με τους Αμαλία Μόζερ, Αικατερίνη Μπακάκου, Ορφανού-Σταύρο Σκοπετέα</subfield></datafield><datafield ind1=" " ind2=" " tag="250"><subfield code="a">Νέα εκδ.</subfield></datafield><datafield ind1=" " ind2="1" tag="264"><subfield code="a">Αθήνα</subfield><subfield code="b">Κέντρο Λεξικολογίας</subfield><subfield code="c">2011</subfield></datafield><datafield ind1=" " ind2=" " tag="300"><subfield code="a">445 p.</subfield><subfield code="b">ill.</subfield></datafield><datafield ind1=" " ind2="7" tag="650"><subfield code="a">Grec (langue) moderne</subfield><subfield code="0">(IDREF)02722841X</subfield><subfield code="2">idref</subfield></datafield><datafield ind1=" " ind2="7" tag="650"><subfield code="a">Grammaire</subfield><subfield code="0">(IDREF)02863165X</subfield><subfield code="2">idref</subfield></datafield><datafield ind1="1" ind2=" " tag="700"><subfield code="a">Μπαμπινιώτης, Γεώργιος</subfield><subfield code="d">1939-</subfield></datafield><datafield ind1=" " ind2=" " tag="900"><subfield code="a">REROnoselfmerge</subfield></datafield><datafield ind1=" " ind2=" " tag="910"><subfield code="a">HALUC</subfield><subfield code="b">20150130</subfield><subfield code="c">Droits réservés</subfield></datafield><datafield ind1=" " ind2=" " tag="960"><subfield code="2">bdd UNIGE</subfield><subfield code="a">ORE_GMD</subfield><subfield code="9">local</subfield></datafield></record>
</metadata></record>