<record><header><identifier>oai:alma.41SLSP_UGE:991000800999705502</identifier><datestamp>2024-06-28T00:08:58Z</datestamp><setSpec>uge_bcen_RapidILL_BOOK</setSpec><setSpec>uge_aaca_RapidILL_BOOK</setSpec><setSpec>uge_abels_RapidILL_BOOK</setSpec><setSpec>uge_dbu_RapidILL_BOOK</setSpec><setSpec>uge_cmu_RapidILL_BOOK</setSpec><setSpec>uge_mail_RapidILL_BOOK</setSpec><setSpec>uge_abbat_RapidILL_BOOK</setSpec><setSpec>UNIGE_ALL</setSpec><setSpec>uge_aobs_RapidILL_BOOK</setSpec><setSpec>uge_acar_RapidILL_BOOK</setSpec></header><metadata>
<record xmlns="http://www.loc.gov/MARC21/slim" xmlns:xsi="http://www.w3.org/2001/XMLSchema-instance" xsi:schemaLocation="http://www.loc.gov/MARC21/slim http://www.loc.gov/standards/marcxml/schema/MARC21slim.xsd"><leader>02273nam a2200541 c 4500</leader><controlfield tag="001">991000800999705502</controlfield><controlfield tag="005">20240627094017.0</controlfield><controlfield tag="008">201011s1985    ne ||||| |||| 10| ||eng d</controlfield><datafield ind1=" " ind2=" " tag="020"><subfield code="a">4900392677</subfield><subfield code="q">Excerpta Medica</subfield></datafield><datafield ind1=" " ind2=" " tag="020"><subfield code="a">0444807136</subfield><subfield code="q">Elsevier Science Pub. Co.</subfield></datafield><datafield ind1=" " ind2=" " tag="020"><subfield code="a">9784900392670</subfield></datafield><datafield ind1=" " ind2=" " tag="035"><subfield code="a">(swissbib)227195922-41slsp_network</subfield></datafield><datafield ind1=" " ind2=" " tag="035"><subfield code="a">227195922</subfield><subfield code="9">ExL</subfield></datafield><datafield ind1=" " ind2=" " tag="035"><subfield code="a">(RERO)1984718-41slsp</subfield></datafield><datafield ind1=" " ind2=" " tag="035"><subfield code="a">(NEBIS)003176980EBI01</subfield></datafield><datafield ind1=" " ind2=" " tag="035"><subfield code="a">(OCoLC)16579495</subfield><subfield code="z">(OCoLC)13357196</subfield></datafield><datafield ind1=" " ind2=" " tag="035"><subfield code="a">(EXLNZ-41SLSP_NETWORK)991008565359705501</subfield></datafield><datafield ind1=" " ind2=" " tag="040"><subfield code="a">RERO geulcj</subfield><subfield code="d">CH-ZuSLS</subfield></datafield><datafield ind1=" " ind2=" " tag="050"><subfield code="a">R581</subfield><subfield code="b">.I61 1984</subfield></datafield><datafield ind1=" " ind2=" " tag="060"><subfield code="a">W3</subfield><subfield code="b">EX89 no.693 1985</subfield></datafield><datafield ind1=" " ind2=" " tag="060"><subfield code="a">WB 50 JA1</subfield><subfield code="b">I6 1984r</subfield></datafield><datafield ind1=" " ind2="7" tag="072"><subfield code="a">me</subfield><subfield code="2">rero</subfield></datafield><datafield ind1="0" ind2="4" tag="082"><subfield code="a">615.899</subfield><subfield code="2">19</subfield></datafield><datafield ind1="0" ind2="0" tag="245"><subfield code="a">Recent advances in traditional medicine in East Asia</subfield><subfield code="b">proceedings of Symposium 9 and Satellite Symposium 8 of the 17th International Congress of Internal Medicine, Kyoto, October 1984</subfield><subfield code="c">ed. [by] Toshitsugu Oda ... [et al. ]</subfield></datafield><datafield ind1=" " ind2="1" tag="264"><subfield code="a">Amsterdam</subfield><subfield code="a">Princeton [etc.]</subfield><subfield code="b">Excerpta Medica</subfield><subfield code="c">1985</subfield></datafield><datafield ind1=" " ind2=" " tag="300"><subfield code="a">XI, 387 p.</subfield><subfield code="b">ill.</subfield><subfield code="c">25 cm</subfield></datafield><datafield ind1=" " ind2=" " tag="336"><subfield code="b">txt</subfield><subfield code="2">rdacontent</subfield></datafield><datafield ind1=" " ind2=" " tag="337"><subfield code="b">n</subfield><subfield code="2">rdamedia</subfield></datafield><datafield ind1=" " ind2=" " tag="338"><subfield code="b">nc</subfield><subfield code="2">rdacarrier</subfield></datafield><datafield ind1="1" ind2=" " tag="490"><subfield code="a">International congress series</subfield><subfield code="v">no. 693</subfield></datafield><datafield ind1=" " ind2=" " tag="500"><subfield code="a">Congrès de médecine. Kyoto. 1984</subfield></datafield><datafield ind1=" " ind2=" " tag="504"><subfield code="a">Includes bibliographies and index</subfield></datafield><datafield ind1=" " ind2="7" tag="650"><subfield code="a">Médecine populaire</subfield><subfield code="0">(IDREF)027239047</subfield><subfield code="2">idref</subfield></datafield><datafield ind1=" " ind2="0" tag="650"><subfield code="a">Medicine, Oriental</subfield><subfield code="v">Congresses</subfield></datafield><datafield ind1=" " ind2="2" tag="650"><subfield code="a">Medicine, Chinese Traditional</subfield><subfield code="z">Far East</subfield><subfield code="v">Congresses</subfield></datafield><datafield ind1=" " ind2="7" tag="650"><subfield code="a">Kongress</subfield><subfield code="0">(DE-588)4130470-6</subfield><subfield code="2">gnd</subfield></datafield><datafield ind1=" " ind2="7" tag="650"><subfield code="a">Pharmakologie</subfield><subfield code="0">(DE-588)4045687-0</subfield><subfield code="2">gnd</subfield></datafield><datafield ind1=" " ind2="7" tag="650"><subfield code="a">Volksmedizin</subfield><subfield code="0">(DE-588)4078940-8</subfield><subfield code="2">gnd</subfield></datafield><datafield ind1=" " ind2="7" tag="651"><subfield code="a">Asie orientale</subfield><subfield code="0">(IDREF)027502333</subfield><subfield code="2">idref</subfield></datafield><datafield ind1=" " ind2="7" tag="651"><subfield code="a">Ostasien</subfield><subfield code="0">(DE-588)4075727-4</subfield><subfield code="2">gnd</subfield></datafield><datafield ind1=" " ind2="7" tag="655"><subfield code="a">Actes de congrès</subfield><subfield code="0">(IDREF)02886431X</subfield><subfield code="2">idref</subfield></datafield><datafield ind1=" " ind2="7" tag="655"><subfield code="a">Konferenzschrift</subfield><subfield code="z">Kyōto</subfield><subfield code="y">1984</subfield><subfield code="2">gnd-content</subfield></datafield><datafield ind1=" " ind2=" " tag="690"><subfield code="a">Chinesische Medizin / Kongresse, Konferenzen, Symposien</subfield><subfield code="2">uzb-Z9</subfield></datafield><datafield ind1="1" ind2=" " tag="700"><subfield code="a">Oda, Toshitsugu</subfield><subfield code="0">(IDREF)236131168</subfield></datafield><datafield ind1="2" ind2=" " tag="711"><subfield code="a">International Congress of Internal Medicine</subfield><subfield code="0">(DE-588)60012-X</subfield></datafield><datafield ind1="2" ind2=" " tag="711"><subfield code="a">International Congress of Internal Medicine</subfield><subfield code="n">17</subfield><subfield code="d">1984</subfield><subfield code="c">Kyoyto</subfield><subfield code="0">(RERO)A012510275</subfield></datafield><datafield ind1=" " ind2="0" tag="830"><subfield code="a">International congress series</subfield><subfield code="v">693</subfield><subfield code="w">(RERO)0430795-41slsp</subfield></datafield><datafield ind1=" " ind2=" " tag="900"><subfield code="a">REROnoselfmerge</subfield></datafield><datafield ind1=" " ind2=" " tag="900"><subfield code="a">IDSZRMedeaZBZ</subfield><subfield code="c">IDSZRwerm</subfield></datafield></record>
</metadata></record>