<record><header><identifier>oai:alma.41SLSP_UGE:991000800689705502</identifier><datestamp>2023-06-20T00:23:28Z</datestamp><setSpec>uge_bcen_RapidILL_BOOK</setSpec><setSpec>uge_aaca_RapidILL_BOOK</setSpec><setSpec>uge_abels_RapidILL_BOOK</setSpec><setSpec>uge_dbu_RapidILL_BOOK</setSpec><setSpec>uge_cmu_RapidILL_BOOK</setSpec><setSpec>uge_mail_RapidILL_BOOK</setSpec><setSpec>uge_abbat_RapidILL_BOOK</setSpec><setSpec>UNIGE_ALL</setSpec><setSpec>uge_aobs_RapidILL_BOOK</setSpec><setSpec>uge_acar_RapidILL_BOOK</setSpec></header><metadata>
<record xmlns="http://www.loc.gov/MARC21/slim" xmlns:xsi="http://www.w3.org/2001/XMLSchema-instance" xsi:schemaLocation="http://www.loc.gov/MARC21/slim http://www.loc.gov/standards/marcxml/schema/MARC21slim.xsd"><leader>04027nam a2200889 c 4500</leader><controlfield tag="001">991000800689705502</controlfield><controlfield tag="005">20230619195416.0</controlfield><controlfield tag="008">201011s2014    fr a   g m||| 001 0dfre|d</controlfield><datafield ind1=" " ind2=" " tag="020"><subfield code="a">2753534942</subfield><subfield code="q">br</subfield></datafield><datafield ind1=" " ind2=" " tag="020"><subfield code="a">9782753534940</subfield><subfield code="q">br</subfield></datafield><datafield ind1="7" ind2=" " tag="024"><subfield code="a">http://catalogue.bnf.fr/ark:/12148/cb438831676</subfield><subfield code="2">uri</subfield></datafield><datafield ind1=" " ind2=" " tag="035"><subfield code="a">(swissbib)225526069-41slsp_network</subfield></datafield><datafield ind1=" " ind2=" " tag="035"><subfield code="a">225526069</subfield><subfield code="9">ExL</subfield></datafield><datafield ind1=" " ind2=" " tag="035"><subfield code="a">(IDSBB)007170824DSV01</subfield></datafield><datafield ind1=" " ind2=" " tag="035"><subfield code="a">(RERO)R007772702-41slsp</subfield></datafield><datafield ind1=" " ind2=" " tag="035"><subfield code="a">(NEBIS)010351149EBI01</subfield></datafield><datafield ind1=" " ind2=" " tag="035"><subfield code="a">(OCoLC)1131461244</subfield></datafield><datafield ind1=" " ind2=" " tag="035"><subfield code="a">(OCoLC)897743344</subfield></datafield><datafield ind1=" " ind2=" " tag="035"><subfield code="a">(EXLNZ-41SLSP_NETWORK)991066770689705501</subfield></datafield><datafield ind1=" " ind2=" " tag="040"><subfield code="a">LVB</subfield><subfield code="b">ger</subfield><subfield code="e">rda</subfield><subfield code="d">CH-ZuSLS</subfield></datafield><datafield ind1=" " ind2=" " tag="043"><subfield code="a">e-uk---</subfield></datafield><datafield ind1="0" ind2="4" tag="050"><subfield code="a">DA225</subfield><subfield code="b">.M33 2014</subfield></datafield><datafield ind1="1" ind2="4" tag="050"><subfield code="a">D</subfield></datafield><datafield ind1=" " ind2="7" tag="072"><subfield code="a">hm</subfield><subfield code="2">rero</subfield></datafield><datafield ind1=" " ind2="7" tag="072"><subfield code="a">sp</subfield><subfield code="2">rero</subfield></datafield><datafield ind1="0" ind2="4" tag="082"><subfield code="a">941.03</subfield><subfield code="2">22</subfield></datafield><datafield ind1="1" ind2="4" tag="082"><subfield code="a">940</subfield><subfield code="2">15</subfield></datafield><datafield ind1="1" ind2=" " tag="100"><subfield code="a">Madeline, Fanny</subfield><subfield code="d">1979-</subfield><subfield code="0">(DE-588)1052825265</subfield><subfield code="4">aut</subfield><subfield code="6">880-01</subfield></datafield><datafield ind1="1" ind2=" " tag="880"><subfield code="6">100-01</subfield><subfield code="a">Madeline, Fanny</subfield><subfield code="d">1979-....</subfield><subfield code="0">(IDREF)139439358</subfield><subfield code="4">cre</subfield></datafield><datafield ind1="1" ind2="0" tag="240"><subfield code="a">&lt;&lt;La&gt;&gt; politique de construction des Plantagenêts et la formation d'un territoire politique 1154-1216</subfield></datafield><datafield ind1="1" ind2="0" tag="245"><subfield code="a">&lt;&lt;Les&gt;&gt; Plantagenêts et leur empire</subfield><subfield code="b">construire un territoire politique</subfield><subfield code="c">Fanny Madeline</subfield></datafield><datafield ind1=" " ind2="1" tag="264"><subfield code="a">Rennes</subfield><subfield code="b">Presses universitaires de Rennes</subfield><subfield code="c">[2014]</subfield></datafield><datafield ind1=" " ind2=" " tag="300"><subfield code="a">368 Seiten</subfield><subfield code="b">Illustrationen</subfield></datafield><datafield ind1=" " ind2=" " tag="336"><subfield code="b">txt</subfield><subfield code="2">rdacontent</subfield></datafield><datafield ind1=" " ind2=" " tag="337"><subfield code="b">n</subfield><subfield code="2">rdamedia</subfield></datafield><datafield ind1=" " ind2=" " tag="338"><subfield code="b">nc</subfield><subfield code="2">rdacarrier</subfield></datafield><datafield ind1="0" ind2=" " tag="490"><subfield code="a">Histoire</subfield></datafield><datafield ind1=" " ind2=" " tag="500"><subfield code="a">Originaltitel: La politique de construction des Plantagenêts et la formation d'un territoire politique, 1154-1216</subfield></datafield><datafield ind1=" " ind2=" " tag="502"><subfield code="a">Texte remanié d'une thèse de doctorat intitulée &quot;La politique de construction des Plantagenêts et la formation d'un territoire politique, 1154-1216&quot;, soutenue en novembre 2009</subfield></datafield><datafield ind1=" " ind2=" " tag="502"><subfield code="g">Réduite</subfield><subfield code="b">Dissertation</subfield><subfield code="c">Université de Paris 1</subfield><subfield code="d">2009</subfield></datafield><datafield ind1=" " ind2=" " tag="504"><subfield code="a">Sources et bibliographie: p. 325-335</subfield></datafield><datafield ind1=" " ind2=" " tag="504"><subfield code="a">Bibliogr. p. 328-335. Index</subfield></datafield><datafield ind1="3" ind2="7" tag="600"><subfield code="a">Plantagenet</subfield><subfield code="0">(DE-588)118792490</subfield><subfield code="2">gnd</subfield></datafield><datafield ind1="3" ind2="6" tag="600"><subfield code="a">Plantagenêts</subfield></datafield><datafield ind1="3" ind2="0" tag="600"><subfield code="a">Plantagenet, House of</subfield></datafield><datafield ind1="0" ind2="7" tag="600"><subfield code="a">Plantagenêts</subfield><subfield code="c">(dynastie)</subfield><subfield code="0">(RERO)A010132887</subfield><subfield code="2">rero</subfield></datafield><datafield ind1=" " ind2="7" tag="648"><subfield code="a">Geschichte 1154-1216</subfield><subfield code="2">gnd</subfield></datafield><datafield ind1=" " ind2="7" tag="648"><subfield code="a">Geschichte 1150-1200</subfield><subfield code="2">idszbz</subfield></datafield><datafield ind1=" " ind2="7" tag="648"><subfield code="a">Geschichte 1200-1250</subfield><subfield code="2">idszbz</subfield></datafield><datafield ind1=" " ind2="7" tag="650"><subfield code="a">Herrschaft</subfield><subfield code="0">(DE-588)4024596-2</subfield><subfield code="2">gnd</subfield></datafield><datafield ind1=" " ind2="6" tag="650"><subfield code="a">Architecture</subfield><subfield code="x">Aspect politique</subfield><subfield code="z">Grande-Bretagne</subfield><subfield code="x">Histoire</subfield><subfield code="y">Jusqu'à 1500</subfield></datafield><datafield ind1=" " ind2="6" tag="650"><subfield code="a">Territoire national</subfield><subfield code="z">Grande-Bretagne</subfield><subfield code="x">Histoire</subfield><subfield code="y">Jusqu'à 1500</subfield></datafield><datafield ind1=" " ind2="6" tag="650"><subfield code="a">Rois et souverains</subfield><subfield code="z">Grande-Bretagne</subfield><subfield code="v">Biographies</subfield></datafield><datafield ind1=" " ind2="7" tag="650"><subfield code="a">Administration publique</subfield><subfield code="0">(IDREF)02721835X</subfield><subfield code="2">idref</subfield></datafield><datafield ind1=" " ind2="7" tag="650"><subfield code="a">Territoires et possessions</subfield><subfield code="0">(IDREF)02783719X</subfield><subfield code="2">idref</subfield></datafield><datafield ind1=" " ind2="7" tag="650"><subfield code="a">Assimilation politique</subfield><subfield code="0">(IDREF)034775455</subfield><subfield code="2">idref</subfield></datafield><datafield ind1=" " ind2="7" tag="650"><subfield code="a">Constructions</subfield><subfield code="0">(IDREF)027282856</subfield><subfield code="2">idref</subfield></datafield><datafield ind1=" " ind2="7" tag="650"><subfield code="a">Travaux publics</subfield><subfield code="0">(IDREF)027799271</subfield><subfield code="2">idref</subfield></datafield><datafield ind1=" " ind2="7" tag="650"><subfield code="a">Empire</subfield><subfield code="0">(IDREF)027292053</subfield><subfield code="2">idref</subfield></datafield><datafield ind1=" " ind2="7" tag="650"><subfield code="a">Pouvoir (sciences sociales)</subfield><subfield code="0">(IDREF)027365581</subfield><subfield code="2">idref</subfield></datafield><datafield ind1=" " ind2="7" tag="650"><subfield code="a">Moyen âge</subfield><subfield code="0">(IDREF)027329917</subfield><subfield code="2">idref</subfield></datafield><datafield ind1=" " ind2="7" tag="650"><subfield code="a">12e siècle (2e moitié)-13e siècle (début)</subfield><subfield code="0">(RERO)A023400136</subfield><subfield code="2">rero</subfield></datafield><datafield ind1=" " ind2="7" tag="650"><subfield code="a">Symbolisme</subfield><subfield code="0">(IDREF)027331741</subfield><subfield code="2">idref</subfield></datafield><datafield ind1=" " ind2="7" tag="650"><subfield code="a">Science politique</subfield><subfield code="0">(IDREF)027792749</subfield><subfield code="2">idref</subfield></datafield><datafield ind1=" " ind2="7" tag="650"><subfield code="a">Territoire national</subfield><subfield code="z">Grande-Bretagne</subfield><subfield code="y">Moyen âge</subfield><subfield code="2">ram</subfield></datafield><datafield ind1=" " ind2="7" tag="651"><subfield code="a">Angevinisches Reich</subfield><subfield code="0">(DE-588)4079778-8</subfield><subfield code="2">gnd</subfield></datafield><datafield ind1=" " ind2="7" tag="651"><subfield code="a">Großbritannien</subfield><subfield code="0">(DE-588)4022153-2</subfield><subfield code="2">gnd</subfield></datafield><datafield ind1=" " ind2="6" tag="651"><subfield code="a">Grande-Bretagne</subfield><subfield code="x">Politique et gouvernement</subfield><subfield code="y">1154-1399</subfield></datafield><datafield ind1=" " ind2="0" tag="651"><subfield code="a">Great Britain</subfield><subfield code="x">History</subfield><subfield code="y">Plantagenets, 1154-1399</subfield></datafield><datafield ind1=" " ind2="7" tag="651"><subfield code="a">France</subfield><subfield code="0">(IDREF)027226794</subfield><subfield code="2">idref</subfield></datafield><datafield ind1=" " ind2="7" tag="651"><subfield code="a">Angleterre (GB)</subfield><subfield code="0">(IDREF)02735895X</subfield><subfield code="2">idref</subfield></datafield><datafield ind1=" " ind2="7" tag="651"><subfield code="a">Grande-Bretagne</subfield><subfield code="y">1154-1399 (Plantagenêts)</subfield><subfield code="2">ram</subfield></datafield><datafield ind1=" " ind2="7" tag="655"><subfield code="a">Biographies</subfield><subfield code="2">rvmgf</subfield></datafield><datafield ind1=" " ind2="7" tag="655"><subfield code="a">Hochschulschrift</subfield><subfield code="2">gnd-content</subfield></datafield><datafield ind1="4" ind2=" " tag="856"><subfield code="3">Titelblatt und Inhaltsverzeichnis</subfield><subfield code="u">https://toc.library.ethz.ch/objects/pdf03/z01_978-2-7535-3494-0_01.pdf</subfield><subfield code="q">pdf</subfield></datafield><datafield ind1=" " ind2=" " tag="900"><subfield code="a">IDSZ2zbzmon201503f</subfield><subfield code="c">IDSZ2meyc</subfield><subfield code="d">IDSZ2zbzswk201504b</subfield><subfield code="e">IDSZ2brue</subfield></datafield><datafield ind1=" " ind2=" " tag="911"><subfield code="a">100</subfield><subfield code="a">Madeline, Fanny</subfield><subfield code="d">1979-</subfield></datafield><datafield ind1=" " ind2=" " tag="949"><subfield code="a">https://toc.library.ethz.ch/objects/pdf03/z01_978-2-7535-3494-0_01.pdf</subfield></datafield></record>
</metadata></record>