<record><header><identifier>oai:alma.41SLSP_UGE:991000800879705502</identifier><datestamp>2023-03-01T01:10:12Z</datestamp><setSpec>uge_bcen_RapidILL_BOOK</setSpec><setSpec>uge_aaca_RapidILL_BOOK</setSpec><setSpec>uge_abels_RapidILL_BOOK</setSpec><setSpec>uge_dbu_RapidILL_BOOK</setSpec><setSpec>uge_cmu_RapidILL_BOOK</setSpec><setSpec>uge_mail_RapidILL_BOOK</setSpec><setSpec>uge_abbat_RapidILL_BOOK</setSpec><setSpec>UNIGE_ALL</setSpec><setSpec>uge_aobs_RapidILL_BOOK</setSpec><setSpec>uge_acar_RapidILL_BOOK</setSpec></header><metadata>
<record xmlns="http://www.loc.gov/MARC21/slim" xmlns:xsi="http://www.w3.org/2001/XMLSchema-instance" xsi:schemaLocation="http://www.loc.gov/MARC21/slim http://www.loc.gov/standards/marcxml/schema/MARC21slim.xsd"><leader>03475nam a2200541 c 4500</leader><controlfield tag="001">991000800879705502</controlfield><controlfield tag="005">20230228103919.0</controlfield><controlfield tag="008">201011t20202020xxu      b    001 0 eng|d</controlfield><datafield ind1=" " ind2=" " tag="010"><subfield code="a">2020932827</subfield></datafield><datafield ind1=" " ind2=" " tag="020"><subfield code="a">0268107572</subfield><subfield code="q">hardback</subfield></datafield><datafield ind1=" " ind2=" " tag="020"><subfield code="a">9780268107574</subfield><subfield code="q">hardback</subfield><subfield code="c">USD 55.00</subfield></datafield><datafield ind1=" " ind2=" " tag="035"><subfield code="a">(swissbib)232368481-41slsp_network</subfield></datafield><datafield ind1=" " ind2=" " tag="035"><subfield code="a">232368481</subfield><subfield code="9">ExL</subfield></datafield><datafield ind1=" " ind2=" " tag="035"><subfield code="a">(IDSLU)001410173ILU01</subfield></datafield><datafield ind1=" " ind2=" " tag="035"><subfield code="a">(RERO)R009038016-41slsp</subfield></datafield><datafield ind1=" " ind2=" " tag="035"><subfield code="a">(OCoLC)1119530581</subfield><subfield code="z">(OCoLC)1182542240</subfield></datafield><datafield ind1=" " ind2=" " tag="035"><subfield code="a">(EXLNZ-41SLSP_NETWORK)991003645349705501</subfield></datafield><datafield ind1=" " ind2=" " tag="040"><subfield code="a">YDX</subfield><subfield code="b">eng</subfield><subfield code="e">rda</subfield><subfield code="d">CH-ZuSLS RZS</subfield></datafield><datafield ind1=" " ind2="4" tag="050"><subfield code="a">BT111.3</subfield><subfield code="b">.M36 2020</subfield></datafield><datafield ind1=" " ind2="7" tag="072"><subfield code="a">740</subfield><subfield code="2">IDS LU</subfield></datafield><datafield ind1="0" ind2="4" tag="082"><subfield code="a">231.044</subfield><subfield code="2">23</subfield></datafield><datafield ind1="7" ind2="4" tag="082"><subfield code="a">230</subfield><subfield code="2">23sdnb</subfield></datafield><datafield ind1=" " ind2=" " tag="084"><subfield code="a">BM 7811</subfield><subfield code="2">rvk</subfield></datafield><datafield ind1="1" ind2=" " tag="100"><subfield code="6">880-01</subfield><subfield code="a">McInerny, Brendan</subfield><subfield code="4">aut</subfield><subfield code="0">(DE-588)1081263709</subfield></datafield><datafield ind1="1" ind2=" " tag="880"><subfield code="6">100-01/(B</subfield><subfield code="a">McInerny, Brendan</subfield><subfield code="d">19..-....</subfield><subfield code="0">(IDREF)267986203</subfield><subfield code="4">aut</subfield></datafield><datafield ind1="1" ind2="0" tag="245"><subfield code="a">&lt;&lt;The&gt;&gt; Trinitarian theology of Hans Urs von Balthasar</subfield><subfield code="b">an introduction</subfield><subfield code="c">Brendan McInerny</subfield></datafield><datafield ind1=" " ind2="1" tag="264"><subfield code="a">Notre Dame, Indiana</subfield><subfield code="b">University of Notre Dame Press</subfield><subfield code="c">[2020]</subfield></datafield><datafield ind1=" " ind2="4" tag="264"><subfield code="c">© 2020</subfield></datafield><datafield ind1=" " ind2=" " tag="300"><subfield code="a">237 pages</subfield></datafield><datafield ind1=" " ind2=" " tag="336"><subfield code="b">txt</subfield><subfield code="2">rdacontent</subfield></datafield><datafield ind1=" " ind2=" " tag="337"><subfield code="b">n</subfield><subfield code="2">rdamedia</subfield></datafield><datafield ind1=" " ind2=" " tag="338"><subfield code="b">nc</subfield><subfield code="2">rdacarrier</subfield></datafield><datafield ind1=" " ind2=" " tag="504"><subfield code="a">Includes bibliographical references (pages 209-225) and index</subfield></datafield><datafield ind1="8" ind2=" " tag="520"><subfield code="a">&quot;Although scholarship has long recognized the centrality of the Trinity in the theology of Hans Urs von Balthasar, no sustained treatment of this theme has been undertaken. In this insightful new study, Brendan McInerny fills this gap, situating Balthasar's Trinitarian theology in conversation both with the wider Christian theological tradition and with his non-Christian intellectual contemporaries. Drawing from across Balthasar's extensive body of works, McInerny argues that Balthasar's vivid description of the immanent Trinity provides a way to speak of how &quot;God is love&quot; in himself, beyond his relationship to creatures. He then shows how Balthasar's speculation into the immanent Trinity serves as the substructure of his theology of deification. For Balthasar, what we say about the inner life of God matters because we are called to share in that very life through Christ and the Holy Spirit, to the glory of God the Father. Finally, responding to the criticisms that Balthasar's speculations into the inner life of God are without warrant, McInerny argues that Balthasar's bold Trinitarian claims are actually a vehicle for apophatic theology. Balthasar's vivid description of the triune God does not transgress the boundaries of theological discourse. Rather, it manifests God's ever-greater incomprehensibility through verbal excess, oxymoron, and paradox&quot;--</subfield><subfield code="c">Provided by publisher</subfield></datafield><datafield ind1="0" ind2="7" tag="600"><subfield code="a">Balthasar, Hans Urs von</subfield><subfield code="d">1905-1988</subfield><subfield code="0">(IDREF)026702959</subfield><subfield code="2">idref</subfield></datafield><datafield ind1=" " ind2="7" tag="650"><subfield code="a">Trinité</subfield><subfield code="0">(IDREF)027253422</subfield><subfield code="2">idref</subfield></datafield><datafield ind1="1" ind2="7" tag="600"><subfield code="a">Balthasar, Hans Urs &lt;&lt;von&gt;&gt;</subfield><subfield code="d">1905-1988</subfield><subfield code="2">gnd</subfield><subfield code="0">(DE-588)118506323</subfield></datafield><datafield ind1="1" ind2="0" tag="600"><subfield code="a">Balthasar, Hans Urs von</subfield><subfield code="d">1905-1988</subfield></datafield><datafield ind1=" " ind2="7" tag="650"><subfield code="a">Trinitätslehre</subfield><subfield code="2">gnd</subfield><subfield code="0">(DE-588)4117249-8</subfield></datafield><datafield ind1=" " ind2="0" tag="650"><subfield code="a">Trinity</subfield><subfield code="x">History of doctrines</subfield><subfield code="y">20th century</subfield></datafield><datafield ind1="0" ind2="8" tag="776"><subfield code="z">9780268107604</subfield><subfield code="q">WebPDF</subfield></datafield><datafield ind1="0" ind2="8" tag="776"><subfield code="z">9780268107598</subfield><subfield code="q">Epub</subfield></datafield><datafield ind1="4" ind2="2" tag="856"><subfield code="3">Table of contents</subfield><subfield code="q">PDF</subfield><subfield code="u">https://urn.ub.unibe.ch/urn:ch:slsp:9780268107574:ihv:pdf</subfield></datafield><datafield ind1=" " ind2=" " tag="900"><subfield code="a">REROnoselfmerge</subfield></datafield><datafield ind1=" " ind2=" " tag="900"><subfield code="a">Stoppsignal FRED</subfield><subfield code="x">RZS/LUUHL/202103</subfield></datafield><datafield ind1=" " ind2=" " tag="900"><subfield code="a">OK_GND</subfield><subfield code="x">RZS/LUUHL/202103/bama</subfield></datafield><datafield ind1=" " ind2=" " tag="903"><subfield code="a">RERO-SIGN</subfield><subfield code="5">BCUFR/20210512/mjo</subfield></datafield><datafield ind1=" " ind2=" " tag="910"><subfield code="a">LOC</subfield><subfield code="b">20200428</subfield><subfield code="c">Réutilisation sous conditions</subfield></datafield><datafield ind1=" " ind2=" " tag="949"><subfield code="a">https://urn.ub.unibe.ch/urn:ch:slsp:9780268107574:ihv:pdf</subfield></datafield></record>
</metadata></record>