<record><header><identifier>oai:alma.41SLSP_UGE:991000801189705502</identifier><datestamp>2023-03-01T01:10:12Z</datestamp><setSpec>uge_bcen_RapidILL_BOOK</setSpec><setSpec>uge_aaca_RapidILL_BOOK</setSpec><setSpec>uge_abels_RapidILL_BOOK</setSpec><setSpec>uge_dbu_RapidILL_BOOK</setSpec><setSpec>uge_cmu_RapidILL_BOOK</setSpec><setSpec>uge_mail_RapidILL_BOOK</setSpec><setSpec>UNIGE_ALL</setSpec><setSpec>uge_abbat_RapidILL_BOOK</setSpec><setSpec>uge_aobs_RapidILL_BOOK</setSpec><setSpec>uge_acar_RapidILL_BOOK</setSpec></header><metadata>
<record xmlns="http://www.loc.gov/MARC21/slim" xmlns:xsi="http://www.w3.org/2001/XMLSchema-instance" xsi:schemaLocation="http://www.loc.gov/MARC21/slim http://www.loc.gov/standards/marcxml/schema/MARC21slim.xsd"><leader>02316nam a2200589 c 4500</leader><controlfield tag="001">991000801189705502</controlfield><controlfield tag="005">20221010160602.0</controlfield><controlfield tag="008">201012s2017    gw |||||      00| ||ger d</controlfield><datafield ind1=" " ind2=" " tag="020"><subfield code="a">9783869166001</subfield></datafield><datafield ind1=" " ind2=" " tag="035"><subfield code="a">(swissbib)238450384-41slsp_network</subfield></datafield><datafield ind1=" " ind2=" " tag="035"><subfield code="a">238450384</subfield><subfield code="9">ExL</subfield></datafield><datafield ind1=" " ind2=" " tag="035"><subfield code="a">(IDSLU)001292995ILU01</subfield></datafield><datafield ind1=" " ind2=" " tag="035"><subfield code="a">(NEBIS)011026210EBI01</subfield></datafield><datafield ind1=" " ind2=" " tag="035"><subfield code="a">(IDSBB)006734869DSV01</subfield></datafield><datafield ind1=" " ind2=" " tag="035"><subfield code="a">(RERO)R008699510-41slsp</subfield></datafield><datafield ind1=" " ind2=" " tag="035"><subfield code="a">(EXLNZ-41SLSP_NETWORK)991033898429705501</subfield></datafield><datafield ind1=" " ind2=" " tag="040"><subfield code="a">SzZuIDS NEBIS UZH-MWI</subfield><subfield code="b">ger</subfield><subfield code="e">rda</subfield><subfield code="d">CH-ZuSLS</subfield></datafield><datafield ind1="0" ind2=" " tag="041"><subfield code="a">ger</subfield></datafield><datafield ind1=" " ind2="7" tag="072"><subfield code="a">480</subfield><subfield code="2">IDS LU</subfield></datafield><datafield ind1=" " ind2="7" tag="072"><subfield code="a">mu</subfield><subfield code="2">rero</subfield></datafield><datafield ind1="0" ind2="4" tag="082"><subfield code="a">780.92</subfield><subfield code="2">22/ger</subfield></datafield><datafield ind1="1" ind2="4" tag="082"><subfield code="a">780</subfield><subfield code="2">15</subfield></datafield><datafield ind1=" " ind2=" " tag="084"><subfield code="a">LP 67100</subfield><subfield code="2">rvk</subfield></datafield><datafield ind1=" " ind2=" " tag="084"><subfield code="a">LP 67101</subfield><subfield code="2">rvk</subfield></datafield><datafield ind1="0" ind2="0" tag="245"><subfield code="a">Charles Valentin Alkan</subfield><subfield code="c">herausgegeben von Ulrich Tadday</subfield></datafield><datafield ind1="1" ind2="4" tag="246"><subfield code="a">C.V. Alkan</subfield></datafield><datafield ind1=" " ind2="1" tag="264"><subfield code="a">München</subfield><subfield code="b">Edition Text + Kritik</subfield><subfield code="c">August 2017</subfield></datafield><datafield ind1=" " ind2=" " tag="300"><subfield code="a">135 Seiten</subfield><subfield code="b">Illustrationen, Notenbeispiele</subfield></datafield><datafield ind1=" " ind2=" " tag="336"><subfield code="b">txt</subfield><subfield code="2">rdacontent</subfield></datafield><datafield ind1=" " ind2=" " tag="337"><subfield code="b">n</subfield><subfield code="2">rdamedia</subfield></datafield><datafield ind1=" " ind2=" " tag="338"><subfield code="b">nc</subfield><subfield code="2">rdacarrier</subfield></datafield><datafield ind1="1" ind2=" " tag="490"><subfield code="a">Musik-Konzepte. Neue Folge</subfield><subfield code="v">Heft 178</subfield></datafield><datafield ind1=" " ind2=" " tag="500"><subfield code="a">Umschlagtitel: C.V. Alkan</subfield></datafield><datafield ind1="1" ind2="7" tag="600"><subfield code="a">Alkan, Charles Henri Valentin</subfield><subfield code="d">1813-1888</subfield><subfield code="0">(DE-588)118814249</subfield><subfield code="2">gnd</subfield></datafield><datafield ind1="1" ind2="0" tag="600"><subfield code="a">Alkan, Charles-Valentin</subfield><subfield code="d">1813-1888</subfield></datafield><datafield ind1="1" ind2="7" tag="600"><subfield code="a">Alkan, Charles-Valentin</subfield><subfield code="d">1813-1888</subfield><subfield code="0">(IDREF)030000718</subfield><subfield code="2">idref</subfield></datafield><datafield ind1=" " ind2="7" tag="648"><subfield code="a">Geschichte 1813-1888</subfield><subfield code="2">gnd</subfield></datafield><datafield ind1=" " ind2="7" tag="650"><subfield code="a">Komponist</subfield><subfield code="0">(DE-588)4032009-1</subfield><subfield code="2">gnd</subfield></datafield><datafield ind1=" " ind2="7" tag="650"><subfield code="a">Pianist</subfield><subfield code="0">(DE-588)4131406-2</subfield><subfield code="2">gnd</subfield></datafield><datafield ind1=" " ind2="7" tag="651"><subfield code="a">Frankreich</subfield><subfield code="0">(DE-588)4018145-5</subfield><subfield code="2">gnd</subfield></datafield><datafield ind1=" " ind2="7" tag="655"><subfield code="a">Aufsatzsammlung</subfield><subfield code="2">gnd-content</subfield></datafield><datafield ind1=" " ind2="7" tag="655"><subfield code="a">[Études diverses]</subfield><subfield code="0">(RERO)A022249905</subfield><subfield code="2">rero</subfield></datafield><datafield ind1=" " ind2=" " tag="690"><subfield code="a">Alkan, Valentin (1813-1888)</subfield><subfield code="2">uzb-UV</subfield></datafield><datafield ind1="1" ind2=" " tag="700"><subfield code="6">880-02</subfield><subfield code="a">Tadday, Ulrich</subfield><subfield code="d">1963-</subfield><subfield code="0">(DE-588)121182584</subfield><subfield code="e">Herausgeber</subfield><subfield code="4">edt</subfield></datafield><datafield ind1="1" ind2=" " tag="880"><subfield code="6">700-02</subfield><subfield code="a">Tadday, Ulrich</subfield><subfield code="d">1963-....</subfield><subfield code="0">(IDREF)071402330</subfield></datafield><datafield ind1="4" ind2=" " tag="856"><subfield code="3">Titelblatt und Inhaltsverzeichnis</subfield><subfield code="u">https://toc.library.ethz.ch/objects/pdf03/z01_978-3-86916-600-1_01.pdf</subfield><subfield code="q">pdf</subfield></datafield><datafield ind1=" " ind2="0" tag="830"><subfield code="a">Musik-Konzepte</subfield><subfield code="p">Neue Folge</subfield><subfield code="v">178</subfield><subfield code="w">(IDSBB)000099053DSV01</subfield></datafield><datafield ind1=" " ind2="0" tag="830"><subfield code="a">Musik-Konzepte</subfield><subfield code="p">Neue Folge</subfield><subfield code="v">178</subfield><subfield code="w">(IDSLU)000459184ILU01</subfield></datafield><datafield ind1=" " ind2="0" tag="830"><subfield code="a">Musik-Konzepte</subfield><subfield code="p">Neue Folge</subfield><subfield code="v">178</subfield><subfield code="w">(RERO)0266443-41slsp</subfield></datafield><datafield ind1=" " ind2=" " tag="900"><subfield code="a">IDSZ2zbzmon201805l</subfield><subfield code="c">IDSZ2maer</subfield></datafield><datafield ind1=" " ind2=" " tag="900"><subfield code="a">IDSDSStoppsignal FRED</subfield></datafield><datafield ind1=" " ind2=" " tag="900"><subfield code="a">REROnoselfmerge</subfield></datafield><datafield ind1=" " ind2=" " tag="949"><subfield code="a">https://toc.library.ethz.ch/objects/pdf03/z01_978-3-86916-600-1_01.pdf</subfield></datafield></record>
</metadata></record>