<record><header><identifier>oai:alma.41SLSP_UGE:991000800669705502</identifier><datestamp>2023-03-01T01:10:12Z</datestamp><setSpec>uge_bcen_RapidILL_BOOK</setSpec><setSpec>uge_aaca_RapidILL_BOOK</setSpec><setSpec>uge_abels_RapidILL_BOOK</setSpec><setSpec>uge_dbu_RapidILL_BOOK</setSpec><setSpec>uge_cmu_RapidILL_BOOK</setSpec><setSpec>uge_mail_RapidILL_BOOK</setSpec><setSpec>UNIGE_ALL</setSpec><setSpec>uge_abbat_RapidILL_BOOK</setSpec><setSpec>uge_acar_RapidILL_BOOK</setSpec><setSpec>uge_aobs_RapidILL_BOOK</setSpec></header><metadata>
<record xmlns="http://www.loc.gov/MARC21/slim" xmlns:xsi="http://www.w3.org/2001/XMLSchema-instance" xsi:schemaLocation="http://www.loc.gov/MARC21/slim http://www.loc.gov/standards/marcxml/schema/MARC21slim.xsd"><leader>01477nam a2200373 c 4500</leader><controlfield tag="001">991000800669705502</controlfield><controlfield tag="005">20210206205828.0</controlfield><controlfield tag="008">201012s1958    xxk||||| |||| 00| ||eng d</controlfield><datafield ind1=" " ind2=" " tag="035"><subfield code="a">(swissbib)236977903-41slsp_network</subfield></datafield><datafield ind1=" " ind2=" " tag="035"><subfield code="a">236977903</subfield><subfield code="9">ExL</subfield></datafield><datafield ind1=" " ind2=" " tag="035"><subfield code="a">(RERO)R240936860-41slsp</subfield></datafield><datafield ind1=" " ind2=" " tag="035"><subfield code="a">(IDSBB)001347625DSV01</subfield></datafield><datafield ind1=" " ind2=" " tag="035"><subfield code="a">(EXLNZ-41SLSP_NETWORK)991003818879705501</subfield></datafield><datafield ind1=" " ind2=" " tag="040"><subfield code="a">RERO geussa</subfield><subfield code="d">CH-ZuSLS</subfield></datafield><datafield ind1=" " ind2="7" tag="072"><subfield code="a">me</subfield><subfield code="2">rero</subfield></datafield><datafield ind1=" " ind2="7" tag="072"><subfield code="a">me</subfield><subfield code="2">SzZuIDS BS/BE</subfield></datafield><datafield ind1="1" ind2="4" tag="082"><subfield code="a">610</subfield><subfield code="2">15</subfield></datafield><datafield ind1="1" ind2=" " tag="100"><subfield code="a">Mourant, Arthur Ernest</subfield><subfield code="0">(IDREF)132508494</subfield><subfield code="4">cre</subfield></datafield><datafield ind1="1" ind2="0" tag="245"><subfield code="a">&lt;&lt;The&gt;&gt; ABO blood groups</subfield><subfield code="b">comprehensive tables and maps of world distribution</subfield><subfield code="c">by A.E. Mourant, Ada C. Kopeć, Kazimiera Domaniewska-Sobczak</subfield></datafield><datafield ind1=" " ind2="1" tag="264"><subfield code="a">Oxford</subfield><subfield code="b">Blackwell</subfield><subfield code="c">1958</subfield></datafield><datafield ind1=" " ind2=" " tag="300"><subfield code="a">VIII, 276 S.</subfield><subfield code="b">Ill.</subfield><subfield code="c">19 x 25 cm</subfield></datafield><datafield ind1=" " ind2=" " tag="336"><subfield code="b">txt</subfield><subfield code="2">rdacontent</subfield></datafield><datafield ind1=" " ind2=" " tag="337"><subfield code="b">n</subfield><subfield code="2">rdamedia</subfield></datafield><datafield ind1=" " ind2=" " tag="338"><subfield code="b">nc</subfield><subfield code="2">rdacarrier</subfield></datafield><datafield ind1="1" ind2=" " tag="490"><subfield code="a">Occasional Paper of the Royal Anthropological Institute of Great Britain and Ireland</subfield><subfield code="v">13</subfield></datafield><datafield ind1="1" ind2=" " tag="490"><subfield code="a">Royal Anthropological Institute occasional publication</subfield><subfield code="v">No. 13</subfield></datafield><datafield ind1=" " ind2="7" tag="650"><subfield code="a">Blutgruppe</subfield><subfield code="v">Tabelle</subfield><subfield code="2">idsbb</subfield></datafield><datafield ind1=" " ind2=" " tag="691"><subfield code="e">143.c</subfield><subfield code="a">Genetics</subfield><subfield code="2">ubs-FG</subfield></datafield><datafield ind1="1" ind2=" " tag="700"><subfield code="a">Mourant, Arthur Ernest</subfield></datafield><datafield ind1="1" ind2=" " tag="700"><subfield code="a">Kopeć, Ada Christina</subfield></datafield><datafield ind1="1" ind2=" " tag="700"><subfield code="a">Kopeć, Ada C</subfield><subfield code="0">(RERO)A003467962</subfield></datafield><datafield ind1="1" ind2=" " tag="700"><subfield code="a">Domaniewska-Sobczak, Kazimiera</subfield><subfield code="0">(RERO)A003185257</subfield></datafield><datafield ind1=" " ind2="0" tag="830"><subfield code="a">Occasional paper</subfield><subfield code="v">13</subfield><subfield code="w">(RERO)0152612-41slsp</subfield></datafield><datafield ind1=" " ind2="0" tag="830"><subfield code="a">Royal Anthropological Institute occasional publication</subfield><subfield code="v">13</subfield><subfield code="w">(IDSBB)001106822DSV01</subfield></datafield><datafield ind1=" " ind2=" " tag="900"><subfield code="a">REROnoselfmerge</subfield></datafield></record>
</metadata></record>