<record><header><identifier>oai:alma.41SLSP_UGE:991000800569705502</identifier><datestamp>2023-04-10T00:46:44Z</datestamp><setSpec>uge_bcen_RapidILL_BOOK</setSpec><setSpec>uge_aaca_RapidILL_BOOK</setSpec><setSpec>uge_abels_RapidILL_BOOK</setSpec><setSpec>uge_dbu_RapidILL_BOOK</setSpec><setSpec>uge_cmu_RapidILL_BOOK</setSpec><setSpec>uge_mail_RapidILL_BOOK</setSpec><setSpec>uge_abbat_RapidILL_BOOK</setSpec><setSpec>UNIGE_ALL</setSpec><setSpec>uge_acar_RapidILL_BOOK</setSpec><setSpec>uge_aobs_RapidILL_BOOK</setSpec></header><metadata>
<record xmlns="http://www.loc.gov/MARC21/slim" xmlns:xsi="http://www.w3.org/2001/XMLSchema-instance" xsi:schemaLocation="http://www.loc.gov/MARC21/slim http://www.loc.gov/standards/marcxml/schema/MARC21slim.xsd"><leader>01375nam a2200361 c 4500</leader><controlfield tag="001">991000800569705502</controlfield><controlfield tag="005">20230409160749.0</controlfield><controlfield tag="008">201011s1975    xxu||||| |||| 00| ||eng d</controlfield><datafield ind1=" " ind2=" " tag="020"><subfield code="a">0824763114</subfield></datafield><datafield ind1=" " ind2=" " tag="035"><subfield code="a">(swissbib)226836622-41slsp_network</subfield></datafield><datafield ind1=" " ind2=" " tag="035"><subfield code="a">226836622</subfield><subfield code="9">ExL</subfield></datafield><datafield ind1=" " ind2=" " tag="035"><subfield code="a">(RERO)R004759387-41slsp</subfield></datafield><datafield ind1=" " ind2=" " tag="035"><subfield code="a">(NEBIS)000119006EBI01</subfield></datafield><datafield ind1=" " ind2=" " tag="035"><subfield code="a">(EXLNZ-41SLSP_NETWORK)991159255869705501</subfield></datafield><datafield ind1=" " ind2=" " tag="040"><subfield code="a">RERO geussc</subfield><subfield code="d">CH-ZuSLS</subfield></datafield><datafield ind1=" " ind2="7" tag="072"><subfield code="a">ch</subfield><subfield code="2">rero</subfield></datafield><datafield ind1="1" ind2=" " tag="100"><subfield code="a">Novák, Josef P.</subfield><subfield code="0">(RERO)A003646770</subfield><subfield code="4">cre</subfield></datafield><datafield ind1="1" ind2="0" tag="245"><subfield code="a">Quantitative analysis by gas chromatography</subfield><subfield code="c">Josef Novák</subfield></datafield><datafield ind1=" " ind2="1" tag="264"><subfield code="a">New York</subfield><subfield code="b">M. Dekker</subfield><subfield code="c">1975</subfield></datafield><datafield ind1=" " ind2=" " tag="300"><subfield code="a">IX, 218 p.</subfield><subfield code="b">5 tab.; fig.; diagr.</subfield></datafield><datafield ind1=" " ind2=" " tag="336"><subfield code="b">txt</subfield><subfield code="2">rdacontent</subfield></datafield><datafield ind1=" " ind2=" " tag="337"><subfield code="b">n</subfield><subfield code="2">rdamedia</subfield></datafield><datafield ind1=" " ind2=" " tag="338"><subfield code="b">nc</subfield><subfield code="2">rdacarrier</subfield></datafield><datafield ind1="1" ind2=" " tag="490"><subfield code="a">Chromatographic science : a series of monographs</subfield><subfield code="v">vol. 5</subfield></datafield><datafield ind1=" " ind2=" " tag="500"><subfield code="a">andere Ausgabe: Quantitative analysis by gas chromatography</subfield></datafield><datafield ind1=" " ind2="7" tag="650"><subfield code="a">Analyse quantitative (chimie)</subfield><subfield code="0">(IDREF)027869954</subfield><subfield code="2">idref</subfield></datafield><datafield ind1=" " ind2="7" tag="650"><subfield code="a">Chromatographie en phase gazeuse</subfield><subfield code="0">(IDREF)02967767X</subfield><subfield code="2">idref</subfield></datafield><datafield ind1=" " ind2="7" tag="650"><subfield code="a">technique de laboratoire</subfield><subfield code="0">(RERO)A010032070</subfield><subfield code="2">rerovoc</subfield></datafield><datafield ind1=" " ind2="7" tag="650"><subfield code="a">GASCHROMATOGRAPHIE</subfield><subfield code="9">ger</subfield><subfield code="0">(ETHUDK)000016451</subfield><subfield code="2">ethudk</subfield></datafield><datafield ind1=" " ind2=" " tag="690"><subfield code="a">543.544</subfield><subfield code="d">Gaschromatographie</subfield><subfield code="2">uzb-UE</subfield></datafield><datafield ind1="1" ind2=" " tag="700"><subfield code="a">Novák, Josef</subfield></datafield><datafield ind1=" " ind2=" " tag="830"><subfield code="a">Chromatographic science</subfield><subfield code="v">5</subfield><subfield code="w">(NEBIS)000022891EBI01</subfield></datafield><datafield ind1=" " ind2=" " tag="830"><subfield code="a">Chromatographic science</subfield><subfield code="v">5</subfield><subfield code="w">(RERO)1061205-41slsp</subfield></datafield><datafield ind1=" " ind2=" " tag="900"><subfield code="a">REROnoselfmerge</subfield></datafield></record>
</metadata></record>