<record><header><identifier>oai:alma.41SLSP_UGE:991000800359705502</identifier><datestamp>2024-05-05T01:39:07Z</datestamp><setSpec>uge_bcen_RapidILL_BOOK</setSpec><setSpec>uge_aaca_RapidILL_BOOK</setSpec><setSpec>uge_abels_RapidILL_BOOK</setSpec><setSpec>uge_dbu_RapidILL_BOOK</setSpec><setSpec>uge_cmu_RapidILL_BOOK</setSpec><setSpec>uge_mail_RapidILL_BOOK</setSpec><setSpec>UNIGE_ALL</setSpec><setSpec>uge_abbat_RapidILL_BOOK</setSpec><setSpec>uge_acar_RapidILL_BOOK</setSpec><setSpec>uge_aobs_RapidILL_BOOK</setSpec></header><metadata>
<record xmlns="http://www.loc.gov/MARC21/slim" xmlns:xsi="http://www.w3.org/2001/XMLSchema-instance" xsi:schemaLocation="http://www.loc.gov/MARC21/slim http://www.loc.gov/standards/marcxml/schema/MARC21slim.xsd"><leader>01853nam a2200469 c 4500</leader><controlfield tag="001">991000800359705502</controlfield><controlfield tag="005">20201229225234.0</controlfield><controlfield tag="008">201011s1963    xxu||||| |||| 00| ||eng d</controlfield><datafield ind1=" " ind2=" " tag="035"><subfield code="a">(swissbib)217359191-41slsp_network</subfield></datafield><datafield ind1=" " ind2=" " tag="035"><subfield code="a">217359191</subfield><subfield code="9">ExL</subfield></datafield><datafield ind1=" " ind2=" " tag="035"><subfield code="a">(RERO)1202602-41slsp</subfield></datafield><datafield ind1=" " ind2=" " tag="035"><subfield code="a">(IDSBB)000216106DSV01</subfield></datafield><datafield ind1=" " ind2=" " tag="035"><subfield code="a">(NEBIS)003132354EBI01</subfield></datafield><datafield ind1=" " ind2=" " tag="035"><subfield code="a">(EXLNZ-41SLSP_NETWORK)991107868999705501</subfield></datafield><datafield ind1=" " ind2=" " tag="040"><subfield code="a">RERO neubfl</subfield><subfield code="d">CH-ZuSLS</subfield></datafield><datafield ind1=" " ind2="7" tag="072"><subfield code="a">ha</subfield><subfield code="2">rero</subfield></datafield><datafield ind1=" " ind2="7" tag="072"><subfield code="a">kp</subfield><subfield code="2">SzZuIDS BS/BE</subfield></datafield><datafield ind1="1" ind2=" " tag="100"><subfield code="a">Calder, William Musgrave</subfield><subfield code="d">1932-2022</subfield><subfield code="0">(IDREF)02819635X</subfield><subfield code="4">cre</subfield></datafield><datafield ind1="1" ind2="0" tag="245"><subfield code="a">&lt;&lt;The&gt;&gt; inscription from temple G at Selinus</subfield><subfield code="c">William M. Calder III</subfield></datafield><datafield ind1=" " ind2="1" tag="264"><subfield code="a">[Durham]</subfield><subfield code="b">Duke University</subfield><subfield code="c">1963</subfield></datafield><datafield ind1=" " ind2=" " tag="300"><subfield code="a">X, 63 p.</subfield><subfield code="b">ill.</subfield><subfield code="c">24 cm</subfield></datafield><datafield ind1=" " ind2=" " tag="336"><subfield code="b">txt</subfield><subfield code="2">rdacontent</subfield></datafield><datafield ind1=" " ind2=" " tag="337"><subfield code="b">n</subfield><subfield code="2">rdamedia</subfield></datafield><datafield ind1=" " ind2=" " tag="338"><subfield code="b">nc</subfield><subfield code="2">rdacarrier</subfield></datafield><datafield ind1="1" ind2=" " tag="490"><subfield code="a">Greek, Roman and Byzantine monographs</subfield><subfield code="v">Nr. 4</subfield></datafield><datafield ind1=" " ind2="7" tag="650"><subfield code="a">inscription grecque</subfield><subfield code="0">(RERO)A009987619</subfield><subfield code="2">rerovoc</subfield></datafield><datafield ind1=" " ind2="7" tag="650"><subfield code="a">Inschrift</subfield><subfield code="0">(DE-588)4027107-9</subfield><subfield code="2">gnd</subfield></datafield><datafield ind1=" " ind2="0" tag="650"><subfield code="a">Inscriptions, Greek</subfield></datafield><datafield ind1=" " ind2="0" tag="650"><subfield code="a">Inscriptions, Greek</subfield><subfield code="z">Italy</subfield><subfield code="z">Selinus (Extinct city)</subfield><subfield code="x">Antiquities</subfield></datafield><datafield ind1=" " ind2="0" tag="650"><subfield code="a">Inscriptions, Greek</subfield><subfield code="z">Italy</subfield><subfield code="z">Sicily</subfield></datafield><datafield ind1=" " ind2="0" tag="650"><subfield code="a">Inscriptions, Greek</subfield><subfield code="z">Sicily</subfield><subfield code="z">Selinus</subfield></datafield><datafield ind1=" " ind2="7" tag="651"><subfield code="a">Sélinonte (Italie) - Temple G</subfield><subfield code="0">(RERO)A010027813</subfield><subfield code="2">rero</subfield></datafield><datafield ind1=" " ind2="7" tag="651"><subfield code="a">Selinunt</subfield><subfield code="0">(DE-588)4054461-8</subfield><subfield code="2">gnd</subfield></datafield><datafield ind1=" " ind2="0" tag="651"><subfield code="a">Selinus (Extinct city)</subfield></datafield><datafield ind1=" " ind2="0" tag="651"><subfield code="a">Selinus (Extinct city)</subfield><subfield code="x">Antiquities</subfield></datafield><datafield ind1=" " ind2="0" tag="651"><subfield code="a">Sicily (Italy)</subfield><subfield code="x">Antiquities</subfield></datafield><datafield ind1=" " ind2=" " tag="690"><subfield code="a">Griechische Inschriften / Einzelne Gebiete und Orte / Europa / Griechenland / 1950- ersch.</subfield><subfield code="2">uzb-Z9</subfield></datafield><datafield ind1=" " ind2=" " tag="690"><subfield code="a">Selinunt</subfield><subfield code="2">uzb-Z9</subfield></datafield><datafield ind1=" " ind2=" " tag="690"><subfield code="a">Tempel / Einzelne Gebiete und Orte / Europa / Griechenland</subfield><subfield code="2">uzb-Z9</subfield></datafield><datafield ind1="1" ind2=" " tag="700"><subfield code="a">Calder, William M.</subfield><subfield code="q">William Musgrave</subfield></datafield><datafield ind1=" " ind2=" " tag="830"><subfield code="a">Greek, Roman and Byzantine monographs</subfield><subfield code="v">4</subfield><subfield code="w">(IDSBB)000256978DSV01</subfield></datafield><datafield ind1=" " ind2=" " tag="900"><subfield code="a">REROnoselfmerge</subfield></datafield><datafield ind1=" " ind2=" " tag="900"><subfield code="a">IDSZRMedeaZBZ</subfield><subfield code="c">IDSZRsjö</subfield></datafield></record>
</metadata></record>