<record><header><identifier>oai:alma.41SLSP_UGE:991000800989705502</identifier><datestamp>2023-03-01T01:10:12Z</datestamp><setSpec>uge_bcen_RapidILL_BOOK</setSpec><setSpec>uge_aaca_RapidILL_BOOK</setSpec><setSpec>uge_abels_RapidILL_BOOK</setSpec><setSpec>uge_dbu_RapidILL_BOOK</setSpec><setSpec>uge_cmu_RapidILL_BOOK</setSpec><setSpec>uge_mail_RapidILL_BOOK</setSpec><setSpec>UNIGE_ALL</setSpec><setSpec>uge_abbat_RapidILL_BOOK</setSpec><setSpec>uge_aobs_RapidILL_BOOK</setSpec><setSpec>uge_acar_RapidILL_BOOK</setSpec></header><metadata>
<record xmlns="http://www.loc.gov/MARC21/slim" xmlns:xsi="http://www.w3.org/2001/XMLSchema-instance" xsi:schemaLocation="http://www.loc.gov/MARC21/slim http://www.loc.gov/standards/marcxml/schema/MARC21slim.xsd"><leader>01365nam a2200349 c 4500</leader><controlfield tag="001">991000800989705502</controlfield><controlfield tag="005">20201229225850.0</controlfield><controlfield tag="008">201011s1980    at ||||| |||| 00| ||eng d</controlfield><datafield ind1=" " ind2=" " tag="020"><subfield code="a">9780909596361</subfield></datafield><datafield ind1=" " ind2=" " tag="020"><subfield code="a">0909596360</subfield></datafield><datafield ind1=" " ind2=" " tag="035"><subfield code="a">(swissbib)212032399-41slsp_network</subfield></datafield><datafield ind1=" " ind2=" " tag="035"><subfield code="a">212032399</subfield><subfield code="9">ExL</subfield></datafield><datafield ind1=" " ind2=" " tag="035"><subfield code="a">(RERO)R007304622-41slsp</subfield></datafield><datafield ind1=" " ind2=" " tag="035"><subfield code="a">(IDSBB)001575433DSV01</subfield></datafield><datafield ind1=" " ind2=" " tag="035"><subfield code="a">(EXLNZ-41SLSP_NETWORK)991150811439705501</subfield></datafield><datafield ind1=" " ind2=" " tag="040"><subfield code="a">DKDLA</subfield><subfield code="d">CH-ZuSLS</subfield></datafield><datafield ind1=" " ind2="7" tag="072"><subfield code="a">ph</subfield><subfield code="2">rero</subfield></datafield><datafield ind1="0" ind2="4" tag="082"><subfield code="a">160.924</subfield><subfield code="2">19</subfield></datafield><datafield ind1=" " ind2=" " tag="084"><subfield code="a">CC 4400</subfield><subfield code="2">rvk</subfield></datafield><datafield ind1="1" ind2=" " tag="100"><subfield code="a">Sylvan, Richard</subfield><subfield code="d">1935-1996</subfield><subfield code="0">(IDREF)031320066</subfield><subfield code="4">aut</subfield></datafield><datafield ind1="1" ind2="0" tag="245"><subfield code="a">Exploring Meinong's jungle and beyond</subfield><subfield code="b">an investigation of noneism and the theory of items</subfield><subfield code="c">Richard Routley</subfield></datafield><datafield ind1=" " ind2=" " tag="250"><subfield code="a">Interim ed.</subfield></datafield><datafield ind1=" " ind2="1" tag="264"><subfield code="a">Canberra</subfield><subfield code="b">Research School of Social Sciences, Australian National University</subfield><subfield code="c">1980</subfield></datafield><datafield ind1=" " ind2=" " tag="300"><subfield code="a">XIX, 1035 p.</subfield><subfield code="b">ill.</subfield><subfield code="c">26 cm</subfield></datafield><datafield ind1=" " ind2=" " tag="336"><subfield code="b">txt</subfield><subfield code="2">rdacontent</subfield></datafield><datafield ind1=" " ind2=" " tag="337"><subfield code="b">n</subfield><subfield code="2">rdamedia</subfield></datafield><datafield ind1=" " ind2=" " tag="338"><subfield code="b">nc</subfield><subfield code="2">rdacarrier</subfield></datafield><datafield ind1="1" ind2=" " tag="490"><subfield code="a">Australian National University. Research School of Social Sciences. Department of Philosophy. Monograph series</subfield><subfield code="v">no. 3</subfield></datafield><datafield ind1="1" ind2=" " tag="700"><subfield code="a">Routley, Richard</subfield></datafield><datafield ind1=" " ind2=" " tag="830"><subfield code="a">Departmental monograph</subfield><subfield code="v">3</subfield><subfield code="w">(IDSBB)001575420DSV01</subfield></datafield><datafield ind1=" " ind2=" " tag="830"><subfield code="a">Departmental monograph / Australian National University, Research School of Social Sciences</subfield><subfield code="v">3</subfield><subfield code="w">(RERO)1157296-41slsp</subfield></datafield><datafield ind1=" " ind2=" " tag="900"><subfield code="a">REROnoselfmerge</subfield></datafield><datafield ind1=" " ind2=" " tag="910"><subfield code="a">OCoLC</subfield><subfield code="b">20130527</subfield><subfield code="c">Droits réservés</subfield></datafield></record>
</metadata></record>