<record><header><identifier>oai:alma.41SLSP_UGE:991000800499705502</identifier><datestamp>2024-08-31T00:25:12Z</datestamp><setSpec>uge_bcen_RapidILL_BOOK</setSpec><setSpec>uge_aaca_RapidILL_BOOK</setSpec><setSpec>uge_abels_RapidILL_BOOK</setSpec><setSpec>uge_dbu_RapidILL_BOOK</setSpec><setSpec>uge_cmu_RapidILL_BOOK</setSpec><setSpec>uge_mail_RapidILL_BOOK</setSpec><setSpec>uge_abbat_RapidILL_BOOK</setSpec><setSpec>UNIGE_ALL</setSpec><setSpec>uge_aobs_RapidILL_BOOK</setSpec><setSpec>uge_acar_RapidILL_BOOK</setSpec></header><metadata>
<record xmlns="http://www.loc.gov/MARC21/slim" xmlns:xsi="http://www.w3.org/2001/XMLSchema-instance" xsi:schemaLocation="http://www.loc.gov/MARC21/slim http://www.loc.gov/standards/marcxml/schema/MARC21slim.xsd"><leader>01269nam a2200325 c 4500</leader><controlfield tag="001">991000800499705502</controlfield><controlfield tag="005">20211120212810.0</controlfield><controlfield tag="008">000913s1977    fr ||||| |||| 00| ||fre d</controlfield><datafield ind1="7" ind2=" " tag="024"><subfield code="a">http://catalogue.bnf.fr/ark:/12148/cb347069242</subfield><subfield code="2">uri</subfield></datafield><datafield ind1=" " ind2=" " tag="035"><subfield code="a">(swissbib)089896165-41slsp_network</subfield></datafield><datafield ind1=" " ind2=" " tag="035"><subfield code="a">089896165</subfield><subfield code="9">ExL</subfield></datafield><datafield ind1=" " ind2=" " tag="035"><subfield code="a">(RERO)2012830-41slsp</subfield></datafield><datafield ind1=" " ind2=" " tag="035"><subfield code="a">(EXLNZ-41SLSP_NETWORK)991105678689705501</subfield></datafield><datafield ind1=" " ind2=" " tag="040"><subfield code="a">RERO larero</subfield><subfield code="d">CH-ZuSLS</subfield></datafield><datafield ind1="0" ind2=" " tag="041"><subfield code="a">fre</subfield><subfield code="a">grc</subfield></datafield><datafield ind1=" " ind2="7" tag="072"><subfield code="a">gr</subfield><subfield code="2">rero</subfield></datafield><datafield ind1=" " ind2="7" tag="072"><subfield code="a">ha</subfield><subfield code="2">rero</subfield></datafield><datafield ind1="1" ind2=" " tag="080"><subfield code="a">875DIODORS1</subfield></datafield><datafield ind1="0" ind2=" " tag="100"><subfield code="a">Diodore de Sicile</subfield><subfield code="d">0090?-0020? av. J.-C.</subfield><subfield code="0">(IDREF)026832682</subfield><subfield code="4">cre</subfield></datafield><datafield ind1="1" ind2="0" tag="245"><subfield code="a">Bibliothèque historique</subfield><subfield code="c">Diodore de Sicile ; texte établi et trad. par Michel Casevitz, Françoise Bizière... [et al.].</subfield><subfield code="n">[T. 10]</subfield><subfield code="p">Livre XV / texte établi et trad. par Claude Vial</subfield></datafield><datafield ind1=" " ind2="1" tag="264"><subfield code="a">Paris</subfield><subfield code="b">Les Belles Lettres</subfield><subfield code="c">1977</subfield></datafield><datafield ind1=" " ind2=" " tag="300"><subfield code="a">XXIX, 164 p. dont 1-120 avec pag. double</subfield><subfield code="c">20 cm</subfield></datafield><datafield ind1=" " ind2=" " tag="336"><subfield code="b">txt</subfield><subfield code="2">rdacontent</subfield></datafield><datafield ind1=" " ind2=" " tag="337"><subfield code="b">n</subfield><subfield code="2">rdamedia</subfield></datafield><datafield ind1=" " ind2=" " tag="338"><subfield code="b">nc</subfield><subfield code="2">rdacarrier</subfield></datafield><datafield ind1="1" ind2=" " tag="490"><subfield code="a">Collection des universités de France</subfield></datafield><datafield ind1=" " ind2=" " tag="500"><subfield code="a">Texte grec avec trad. française en regard</subfield></datafield><datafield ind1="1" ind2=" " tag="700"><subfield code="a">Vial, Claude</subfield><subfield code="d">1942-2023</subfield><subfield code="0">(IDREF)027183033</subfield></datafield><datafield ind1="0" ind2=" " tag="800"><subfield code="a">Diodorus</subfield><subfield code="c">Siculus</subfield><subfield code="t">Bibliothèque historique</subfield><subfield code="v">10</subfield></datafield><datafield ind1=" " ind2=" " tag="830"><subfield code="a">Collection des universités de France</subfield><subfield code="w">(RERO)0009417-41slsp</subfield></datafield><datafield ind1=" " ind2=" " tag="900"><subfield code="a">REROnoselfmerge</subfield></datafield></record>
</metadata></record>