<record><header><identifier>oai:alma.41SLSP_UGE:991000801129705502</identifier><datestamp>2023-03-01T01:10:12Z</datestamp><setSpec>uge_bcen_RapidILL_BOOK</setSpec><setSpec>uge_aaca_RapidILL_BOOK</setSpec><setSpec>uge_abels_RapidILL_BOOK</setSpec><setSpec>uge_dbu_RapidILL_BOOK</setSpec><setSpec>uge_cmu_RapidILL_BOOK</setSpec><setSpec>uge_mail_RapidILL_BOOK</setSpec><setSpec>UNIGE_ALL</setSpec><setSpec>uge_abbat_RapidILL_BOOK</setSpec><setSpec>uge_aobs_RapidILL_BOOK</setSpec><setSpec>uge_acar_RapidILL_BOOK</setSpec></header><metadata>
<record xmlns="http://www.loc.gov/MARC21/slim" xmlns:xsi="http://www.w3.org/2001/XMLSchema-instance" xsi:schemaLocation="http://www.loc.gov/MARC21/slim http://www.loc.gov/standards/marcxml/schema/MARC21slim.xsd"><leader>01470nam a2200385 c 4500</leader><controlfield tag="001">991000801129705502</controlfield><controlfield tag="005">20201230224444.0</controlfield><controlfield tag="008">201011s1947    fr ||||| |||| 00| ||fre d</controlfield><datafield ind1=" " ind2=" " tag="035"><subfield code="a">(swissbib)224055283-41slsp_network</subfield></datafield><datafield ind1=" " ind2=" " tag="035"><subfield code="a">224055283</subfield><subfield code="9">ExL</subfield></datafield><datafield ind1=" " ind2=" " tag="035"><subfield code="a">(RERO)1834344-41slsp</subfield></datafield><datafield ind1=" " ind2=" " tag="035"><subfield code="a">(IDSBB)000428642DSV01</subfield></datafield><datafield ind1=" " ind2=" " tag="035"><subfield code="a">(EXLNZ-41SLSP_NETWORK)991125573859705501</subfield></datafield><datafield ind1=" " ind2=" " tag="040"><subfield code="a">RERO nebpun</subfield><subfield code="d">CH-ZuSLS</subfield></datafield><datafield ind1=" " ind2="7" tag="072"><subfield code="a">fr</subfield><subfield code="2">rero</subfield></datafield><datafield ind1=" " ind2="7" tag="072"><subfield code="a">rs</subfield><subfield code="2">SzZuIDS BS/BE</subfield></datafield><datafield ind1="1" ind2=" " tag="100"><subfield code="6">880-01</subfield><subfield code="a">Malraux, André</subfield><subfield code="d">1901-1976</subfield><subfield code="0">(IDREF)02700483X</subfield><subfield code="4">cre</subfield></datafield><datafield ind1="1" ind2=" " tag="880"><subfield code="a">Malraux, André</subfield><subfield code="d">1901-1976</subfield><subfield code="0">(DE-588)118576844</subfield><subfield code="6">100-01</subfield></datafield><datafield ind1="1" ind2="0" tag="245"><subfield code="a">Romans</subfield><subfield code="c">André Malraux</subfield></datafield><datafield ind1=" " ind2="1" tag="264"><subfield code="a">[Paris]</subfield><subfield code="b">Gallimard</subfield><subfield code="c">1947</subfield></datafield><datafield ind1=" " ind2=" " tag="300"><subfield code="a">842 p.</subfield><subfield code="c">18 cm</subfield></datafield><datafield ind1=" " ind2=" " tag="336"><subfield code="b">txt</subfield><subfield code="2">rdacontent</subfield></datafield><datafield ind1=" " ind2=" " tag="337"><subfield code="b">n</subfield><subfield code="2">rdamedia</subfield></datafield><datafield ind1=" " ind2=" " tag="338"><subfield code="b">nc</subfield><subfield code="2">rdacarrier</subfield></datafield><datafield ind1="1" ind2=" " tag="490"><subfield code="a">Bibliothèque de la Pléiade</subfield><subfield code="v">70</subfield></datafield><datafield ind1=" " ind2=" " tag="500"><subfield code="a">Faux-titre: Romans d'André Malraux</subfield></datafield><datafield ind1="0" ind2=" " tag="505"><subfield code="a">Les conquérants ; La condition humaine ; L'espoir</subfield></datafield><datafield ind1="1" ind2="2" tag="700"><subfield code="a">Malraux, André</subfield><subfield code="d">1901-1976</subfield><subfield code="t">&lt;&lt;Les&gt;&gt; conquérants</subfield></datafield><datafield ind1="1" ind2="2" tag="700"><subfield code="a">Malraux, André</subfield><subfield code="d">1901-1976</subfield><subfield code="t">&lt;&lt;La&gt;&gt; condition humaine</subfield></datafield><datafield ind1="1" ind2="2" tag="700"><subfield code="a">Malraux, André</subfield><subfield code="d">1901-1976</subfield><subfield code="t">&lt;&lt;L'&gt;&gt;espoir</subfield></datafield><datafield ind1="1" ind2="2" tag="700"><subfield code="a">Malraux, André</subfield><subfield code="d">1901-1976</subfield><subfield code="t">&lt;&lt;Les&gt;&gt; conquérants</subfield></datafield><datafield ind1="1" ind2="2" tag="700"><subfield code="a">Malraux, André</subfield><subfield code="d">1901-1976</subfield><subfield code="t">&lt;&lt;La&gt;&gt; condition humaine</subfield></datafield><datafield ind1="1" ind2="2" tag="700"><subfield code="a">Malraux, André</subfield><subfield code="d">1901-1976</subfield><subfield code="t">&lt;&lt;L'&gt;&gt;espoir</subfield></datafield><datafield ind1=" " ind2=" " tag="830"><subfield code="a">Bibliothèque de la Pléiade</subfield><subfield code="v">70</subfield><subfield code="w">(RERO)0000580-41slsp</subfield></datafield><datafield ind1=" " ind2=" " tag="830"><subfield code="a">Bibliothèque de la Pléiade</subfield><subfield code="v">70</subfield><subfield code="w">(IDSBB)000099166DSV01</subfield></datafield><datafield ind1=" " ind2=" " tag="900"><subfield code="a">REROnoselfmerge</subfield></datafield></record>
</metadata></record>