<record><header><identifier>oai:alma.41SLSP_UGE:991000800609705502</identifier><datestamp>2024-03-09T01:31:05Z</datestamp><setSpec>UNIGE_ALL</setSpec></header><metadata>
<record xmlns="http://www.loc.gov/MARC21/slim" xmlns:xsi="http://www.w3.org/2001/XMLSchema-instance" xsi:schemaLocation="http://www.loc.gov/MARC21/slim http://www.loc.gov/standards/marcxml/schema/MARC21slim.xsd"><leader>02788ngm a2200601 c 4500</leader><controlfield tag="001">991000800609705502</controlfield><controlfield tag="005">20240308233058.0</controlfield><controlfield tag="007">vd |v||||</controlfield><controlfield tag="008">201011t20042004fr ||| |          v|ita d</controlfield><datafield ind1=" " ind2=" " tag="035"><subfield code="a">(swissbib)22906552X-41slsp_network</subfield></datafield><datafield ind1=" " ind2=" " tag="035"><subfield code="a">22906552X</subfield><subfield code="9">ExL</subfield></datafield><datafield ind1=" " ind2=" " tag="035"><subfield code="a">(RERO)R003863154-41slsp</subfield></datafield><datafield ind1=" " ind2=" " tag="035"><subfield code="a">(IDSLU)001399777ILU01</subfield></datafield><datafield ind1=" " ind2=" " tag="035"><subfield code="a">(ABN)000195061ABN01</subfield></datafield><datafield ind1=" " ind2=" " tag="035"><subfield code="a">(EXLNZ-41SLSP_NETWORK)991028060549705501</subfield></datafield><datafield ind1=" " ind2=" " tag="040"><subfield code="a">RERO labcud</subfield><subfield code="d">CH-ZuSLS</subfield></datafield><datafield ind1="1" ind2=" " tag="041"><subfield code="a">eng</subfield><subfield code="a">fre</subfield><subfield code="a">ger</subfield><subfield code="a">ita</subfield><subfield code="h">ita</subfield></datafield><datafield ind1=" " ind2="7" tag="072"><subfield code="a">ba</subfield><subfield code="2">rero</subfield></datafield><datafield ind1=" " ind2="7" tag="072"><subfield code="a">480</subfield><subfield code="2">IDS LU</subfield></datafield><datafield ind1="0" ind2="0" tag="245"><subfield code="a">Sciuscià</subfield><subfield code="c">réal. par Vittorio De Sica ; scénario Cezare Zavattini... [et al.] ; musicque de Alessandro Cigognini ; prod. par Paolo William Tamburella</subfield></datafield><datafield ind1=" " ind2="1" tag="264"><subfield code="a">[Lieu de publication non identifié]</subfield><subfield code="b">Films sans Frontières 2</subfield><subfield code="c">2004</subfield></datafield><datafield ind1=" " ind2="4" tag="264"><subfield code="c">© 2004</subfield></datafield><datafield ind1=" " ind2=" " tag="300"><subfield code="a">1 DVD vidéo (84 min)</subfield><subfield code="b">noir et blanc PAL</subfield></datafield><datafield ind1=" " ind2=" " tag="336"><subfield code="b">tdi</subfield><subfield code="2">rdacontent</subfield></datafield><datafield ind1=" " ind2=" " tag="337"><subfield code="b">v</subfield><subfield code="2">rdamedia</subfield></datafield><datafield ind1=" " ind2=" " tag="338"><subfield code="b">vd</subfield><subfield code="2">rdacarrier</subfield></datafield><datafield ind1="1" ind2=" " tag="490"><subfield code="a">Collection Auteurs</subfield></datafield><datafield ind1=" " ind2=" " tag="500"><subfield code="a">Une prod.: Alfa Cinematografica, 1946</subfield></datafield><datafield ind1=" " ind2=" " tag="500"><subfield code="a">Langues: Italien, allemand. Sous-titres: Français, anglais</subfield></datafield><datafield ind1=" " ind2=" " tag="500"><subfield code="a">Données vidéo</subfield></datafield><datafield ind1=" " ind2=" " tag="500"><subfield code="a">Italie 1946</subfield></datafield><datafield ind1="0" ind2=" " tag="505"><subfield code="a">Filmographies</subfield></datafield><datafield ind1=" " ind2=" " tag="508"><subfield code="a">Dir. de la photogr. Anchise Brizzi ; montage Nicolò Lazzari ; décors Nino Ottavi ; son Tullio Parmegiani</subfield></datafield><datafield ind1=" " ind2=" " tag="508"><subfield code="a">Un film de Vittorio De Sica ; scénario: Cezare Zavattini, Vittorio De Sica, Sergio Amidei, Adolfo Franci, Cesare G. Viola ; musique: Alessandro Cicognini</subfield></datafield><datafield ind1="0" ind2=" " tag="511"><subfield code="a">Interpr.: Franco Interlenghi ; Rinaldo Smordoni ; Aniello Mele ; Bruno Ortenzi ; Emilio Cigoli... et al</subfield></datafield><datafield ind1=" " ind2=" " tag="538"><subfield code="a">Ländercode: alle</subfield></datafield><datafield ind1=" " ind2=" " tag="546"><subfield code="a">Sprachen: Italienisch, Deutsch ; Untertitel: Französisch, Englisch</subfield></datafield><datafield ind1=" " ind2="7" tag="655"><subfield code="a">DVD-Video</subfield><subfield code="2">gnd-carrier</subfield></datafield><datafield ind1=" " ind2="7" tag="655"><subfield code="a">DVD</subfield><subfield code="0">(IDREF)035108444</subfield><subfield code="2">idref</subfield></datafield><datafield ind1=" " ind2="7" tag="655"><subfield code="a">Films de fiction</subfield><subfield code="0">(IDREF)14779644X</subfield><subfield code="2">idref</subfield></datafield><datafield ind1="1" ind2=" " tag="700"><subfield code="a">Amidei, Sergio</subfield><subfield code="d">1904-1981</subfield><subfield code="0">(DE-588)1011276526</subfield><subfield code="4">aus</subfield></datafield><datafield ind1="1" ind2=" " tag="700"><subfield code="a">Franci, Adolfo</subfield><subfield code="d">1895-1954</subfield><subfield code="0">(DE-588)1096361647</subfield><subfield code="4">aus</subfield></datafield><datafield ind1="1" ind2=" " tag="700"><subfield code="a">Viola, Cesare Giulio</subfield><subfield code="d">1886-1958</subfield><subfield code="0">(DE-588)119509229</subfield><subfield code="4">aus</subfield></datafield><datafield ind1="1" ind2=" " tag="700"><subfield code="a">Cicognini, Alessandro</subfield><subfield code="d">1906-1995</subfield><subfield code="0">(DE-588)17388220X</subfield><subfield code="4">cmp</subfield></datafield><datafield ind1="1" ind2=" " tag="700"><subfield code="a">Smordoni, Rinaldo</subfield><subfield code="d">1933-</subfield><subfield code="0">(DE-588)1211675475</subfield><subfield code="4">act</subfield></datafield><datafield ind1="1" ind2=" " tag="700"><subfield code="a">Interlenghi, Franco</subfield><subfield code="d">1931-2015</subfield><subfield code="0">(DE-588)140062610</subfield><subfield code="4">act</subfield></datafield><datafield ind1="1" ind2=" " tag="700"><subfield code="a">Mele, Aniello</subfield><subfield code="4">act</subfield></datafield><datafield ind1="1" ind2=" " tag="700"><subfield code="a">Cigognini, Sergio</subfield><subfield code="0">(RERO)A003107571</subfield></datafield><datafield ind1="1" ind2=" " tag="700"><subfield code="a">Tamburella, Paolo William</subfield><subfield code="d">1910-1951</subfield><subfield code="0">(IDREF)252760166</subfield></datafield><datafield ind1="1" ind2=" " tag="700"><subfield code="a">De Sica, Vittorio</subfield><subfield code="d">1901-1974</subfield><subfield code="0">(DE-588)118677942</subfield><subfield code="4">fmd</subfield><subfield code="4">aus</subfield><subfield code="6">880-04</subfield></datafield><datafield ind1="1" ind2=" " tag="880"><subfield code="6">700-04</subfield><subfield code="a">De Sica, Vittorio</subfield><subfield code="d">1901-1974</subfield><subfield code="0">(IDREF)02921520X</subfield></datafield><datafield ind1="1" ind2=" " tag="700"><subfield code="a">Zavattini, Cesare</subfield><subfield code="d">1902-1989</subfield><subfield code="0">(DE-588)118808338</subfield><subfield code="4">aus</subfield><subfield code="6">880-05</subfield></datafield><datafield ind1="1" ind2=" " tag="880"><subfield code="a">Zavattini, Cesare</subfield><subfield code="0">(RERO)A003996052</subfield><subfield code="6">700-05</subfield></datafield><datafield ind1=" " ind2="0" tag="830"><subfield code="a">Collection auteurs</subfield><subfield code="p">Films sans frontières</subfield><subfield code="w">(RERO)2285471-41slsp</subfield></datafield></record>
</metadata></record>