<record><header><identifier>oai:alma.41SLSP_UGE:991000800899705502</identifier><datestamp>2023-03-01T01:10:12Z</datestamp><setSpec>uge_bcen_RapidILL_BOOK</setSpec><setSpec>uge_aaca_RapidILL_BOOK</setSpec><setSpec>uge_abels_RapidILL_BOOK</setSpec><setSpec>uge_dbu_RapidILL_BOOK</setSpec><setSpec>uge_cmu_RapidILL_BOOK</setSpec><setSpec>uge_mail_RapidILL_BOOK</setSpec><setSpec>UNIGE_ALL</setSpec><setSpec>uge_abbat_RapidILL_BOOK</setSpec><setSpec>uge_aobs_RapidILL_BOOK</setSpec><setSpec>uge_acar_RapidILL_BOOK</setSpec></header><metadata>
<record xmlns="http://www.loc.gov/MARC21/slim" xmlns:xsi="http://www.w3.org/2001/XMLSchema-instance" xsi:schemaLocation="http://www.loc.gov/MARC21/slim http://www.loc.gov/standards/marcxml/schema/MARC21slim.xsd"><leader>01878nam a2200469 c 4500</leader><controlfield tag="001">991000800899705502</controlfield><controlfield tag="005">20210207212832.0</controlfield><controlfield tag="008">201011s1982    ne ||||| |||| 00| ||eng d</controlfield><datafield ind1=" " ind2=" " tag="020"><subfield code="a">0444803912</subfield></datafield><datafield ind1=" " ind2=" " tag="035"><subfield code="a">(swissbib)221808833-41slsp_network</subfield></datafield><datafield ind1=" " ind2=" " tag="035"><subfield code="a">221808833</subfield><subfield code="9">ExL</subfield></datafield><datafield ind1=" " ind2=" " tag="035"><subfield code="a">(RERO)0468415-41slsp</subfield></datafield><datafield ind1=" " ind2=" " tag="035"><subfield code="a">(NEBIS)000281075EBI01</subfield></datafield><datafield ind1=" " ind2=" " tag="035"><subfield code="a">(EXLNZ-41SLSP_NETWORK)991017945279705501</subfield></datafield><datafield ind1=" " ind2=" " tag="040"><subfield code="a">RERO</subfield><subfield code="d">CH-ZuSLS</subfield></datafield><datafield ind1=" " ind2="7" tag="072"><subfield code="a">me</subfield><subfield code="2">rero</subfield></datafield><datafield ind1="0" ind2="4" tag="082"><subfield code="a">574.87/5</subfield><subfield code="2">19</subfield></datafield><datafield ind1="0" ind2="4" tag="082"><subfield code="a">571.64</subfield></datafield><datafield ind1="0" ind2="0" tag="245"><subfield code="a">Membrane Reconstitution</subfield><subfield code="c">ed. by George Poste and Garth L. Nicolson</subfield></datafield><datafield ind1=" " ind2="1" tag="264"><subfield code="a">Amsterdam</subfield><subfield code="a">New York [etc.]</subfield><subfield code="b">North-Holland Publ. Co.</subfield><subfield code="c">1982</subfield></datafield><datafield ind1=" " ind2=" " tag="300"><subfield code="a">XIX, 273 p.</subfield><subfield code="b">ill.</subfield><subfield code="c">25 cm</subfield></datafield><datafield ind1=" " ind2=" " tag="336"><subfield code="b">txt</subfield><subfield code="2">rdacontent</subfield></datafield><datafield ind1=" " ind2=" " tag="337"><subfield code="b">n</subfield><subfield code="2">rdamedia</subfield></datafield><datafield ind1=" " ind2=" " tag="338"><subfield code="b">nc</subfield><subfield code="2">rdacarrier</subfield></datafield><datafield ind1="1" ind2=" " tag="490"><subfield code="a">Cell surface reviews</subfield><subfield code="v">vol. 8</subfield></datafield><datafield ind1=" " ind2="2" tag="650"><subfield code="a">Cell Membrane</subfield></datafield><datafield ind1=" " ind2="2" tag="650"><subfield code="a">Membranes, Artificial</subfield></datafield><datafield ind1=" " ind2="7" tag="650"><subfield code="a">Membran</subfield><subfield code="g">Verfahrenstechnik</subfield><subfield code="0">(DE-588)7749014-9</subfield><subfield code="2">gnd</subfield></datafield><datafield ind1=" " ind2="7" tag="650"><subfield code="a">Plasmamembran</subfield><subfield code="0">(DE-588)4067550-6</subfield><subfield code="2">gnd</subfield></datafield><datafield ind1=" " ind2="7" tag="650"><subfield code="a">Rekonstitution</subfield><subfield code="0">(DE-588)4177651-3</subfield><subfield code="2">gnd</subfield></datafield><datafield ind1=" " ind2="7" tag="650"><subfield code="a">Wiederherstellung</subfield><subfield code="0">(DE-588)4352570-2</subfield><subfield code="2">gnd</subfield></datafield><datafield ind1=" " ind2="0" tag="650"><subfield code="a">Cell interaction</subfield></datafield><datafield ind1=" " ind2="0" tag="650"><subfield code="a">Membranes (Biology)</subfield></datafield><datafield ind1=" " ind2="7" tag="650"><subfield code="a">MEMBRANSTRUKTUR + MOLEKULARE MEMBRANORGANISATION (MEMBRANBIOLOGIE)</subfield><subfield code="9">ger</subfield><subfield code="0">(ETHUDK)000022963</subfield><subfield code="2">ethudk</subfield></datafield><datafield ind1=" " ind2="7" tag="650"><subfield code="a">MEMBRANWECHSELWIRKUNGEN (MEMBRANBIOLOGIE)</subfield><subfield code="9">ger</subfield><subfield code="0">(ETHUDK)000058350</subfield><subfield code="2">ethudk</subfield></datafield><datafield ind1=" " ind2="7" tag="650"><subfield code="a">PROTEIN-LIPID-WECHSELWIRKUNGEN (BIOLOGISCHE MEMBRANEN)</subfield><subfield code="9">ger</subfield><subfield code="0">(ETHUDK)000022967</subfield><subfield code="2">ethudk</subfield></datafield><datafield ind1=" " ind2="7" tag="650"><subfield code="a">STRUKTURÄNDERUNGEN UND DYNAMIK (MEMBRANBIOLOGIE)</subfield><subfield code="9">ger</subfield><subfield code="0">(ETHUDK)000022968</subfield><subfield code="2">ethudk</subfield></datafield><datafield ind1=" " ind2="7" tag="650"><subfield code="a">ZELLOBERFLÄCHENINTERAKTIONEN (CYTOLOGIE)</subfield><subfield code="9">ger</subfield><subfield code="0">(ETHUDK)000021702</subfield><subfield code="2">ethudk</subfield></datafield><datafield ind1=" " ind2=" " tag="690"><subfield code="a">Zellmembran</subfield><subfield code="2">uzb-Z9</subfield></datafield><datafield ind1="1" ind2=" " tag="700"><subfield code="a">Poste, George</subfield><subfield code="0">(IDREF)098228439</subfield></datafield><datafield ind1="1" ind2=" " tag="700"><subfield code="a">Nicolson, Garth L.</subfield><subfield code="0">(IDREF)032577176</subfield></datafield><datafield ind1=" " ind2="0" tag="830"><subfield code="a">Cell surface reviews</subfield><subfield code="v">8</subfield><subfield code="w">(NEBIS)000000751EBI01</subfield></datafield><datafield ind1=" " ind2=" " tag="900"><subfield code="a">REROnoselfmerge</subfield></datafield></record>
</metadata></record>