<record><header><identifier>oai:alma.41SLSP_UGE:991000800379705502</identifier><datestamp>2024-02-01T01:21:19Z</datestamp><setSpec>uge_bcen_RapidILL_BOOK</setSpec><setSpec>uge_aaca_RapidILL_BOOK</setSpec><setSpec>uge_abels_RapidILL_BOOK</setSpec><setSpec>uge_dbu_RapidILL_BOOK</setSpec><setSpec>uge_cmu_RapidILL_BOOK</setSpec><setSpec>uge_mail_RapidILL_BOOK</setSpec><setSpec>uge_abbat_RapidILL_BOOK</setSpec><setSpec>UNIGE_ALL</setSpec><setSpec>uge_aobs_RapidILL_BOOK</setSpec><setSpec>uge_acar_RapidILL_BOOK</setSpec></header><metadata>
<record xmlns="http://www.loc.gov/MARC21/slim" xmlns:xsi="http://www.w3.org/2001/XMLSchema-instance" xsi:schemaLocation="http://www.loc.gov/MARC21/slim http://www.loc.gov/standards/marcxml/schema/MARC21slim.xsd"><leader>01463nam a2200409 c 4500</leader><controlfield tag="001">991000800379705502</controlfield><controlfield tag="005">20240131155652.0</controlfield><controlfield tag="008">201011s1977    be ||||| |||| 00| ||lat d</controlfield><datafield ind1=" " ind2=" " tag="020"><subfield code="a">9782503034713</subfield></datafield><datafield ind1=" " ind2=" " tag="035"><subfield code="a">(swissbib)231632444-41slsp_network</subfield></datafield><datafield ind1=" " ind2=" " tag="035"><subfield code="a">231632444</subfield><subfield code="9">ExL</subfield></datafield><datafield ind1=" " ind2=" " tag="035"><subfield code="a">(RERO)0123050-41slsp</subfield></datafield><datafield ind1=" " ind2=" " tag="035"><subfield code="a">(IDSLU)000355238ILU01</subfield></datafield><datafield ind1=" " ind2=" " tag="035"><subfield code="a">(SBT)000137929SBT01</subfield></datafield><datafield ind1=" " ind2=" " tag="035"><subfield code="a">(IDSBB)000455491DSV01</subfield></datafield><datafield ind1=" " ind2=" " tag="035"><subfield code="a">(EXLNZ-41SLSP_NETWORK)991098410549705501</subfield></datafield><datafield ind1=" " ind2=" " tag="040"><subfield code="a">RERO</subfield><subfield code="d">CH-ZuSLS</subfield></datafield><datafield ind1="0" ind2=" " tag="041"><subfield code="a">lat</subfield><subfield code="a">fre</subfield></datafield><datafield ind1=" " ind2="7" tag="072"><subfield code="a">740</subfield><subfield code="2">IDS LU</subfield></datafield><datafield ind1=" " ind2="7" tag="072"><subfield code="a">th</subfield><subfield code="2">rero</subfield></datafield><datafield ind1=" " ind2="7" tag="072"><subfield code="a">th</subfield><subfield code="2">SzZuIDS BS/BE</subfield></datafield><datafield ind1=" " ind2=" " tag="084"><subfield code="a">BO 1165</subfield><subfield code="2">rvk</subfield></datafield><datafield ind1="0" ind2="0" tag="245"><subfield code="a">Testimonia orationis christianae antiquioris</subfield><subfield code="c">ediderunt Petrus Salmon, Carolus Coebergh, Petrus de Puniet</subfield></datafield><datafield ind1=" " ind2="1" tag="264"><subfield code="a">Turnholti</subfield><subfield code="b">Brepols</subfield><subfield code="c">1977</subfield></datafield><datafield ind1=" " ind2=" " tag="300"><subfield code="a">XXXVII, 217 p.</subfield><subfield code="c">26 cm</subfield></datafield><datafield ind1=" " ind2=" " tag="336"><subfield code="b">txt</subfield><subfield code="2">rdacontent</subfield></datafield><datafield ind1=" " ind2=" " tag="337"><subfield code="b">n</subfield><subfield code="2">rdamedia</subfield></datafield><datafield ind1=" " ind2=" " tag="338"><subfield code="b">nc</subfield><subfield code="2">rdacarrier</subfield></datafield><datafield ind1="1" ind2=" " tag="490"><subfield code="a">Corpus christianorum. Continuatio mediaevalis</subfield><subfield code="v">47</subfield></datafield><datafield ind1=" " ind2=" " tag="500"><subfield code="a">Text lat., Einf. franz.</subfield></datafield><datafield ind1=" " ind2="4" tag="655"><subfield code="a">Quelle</subfield></datafield><datafield ind1="1" ind2=" " tag="700"><subfield code="a">Coebergh, Charles</subfield><subfield code="0">(IDREF)250785757</subfield><subfield code="4">edt</subfield></datafield><datafield ind1="1" ind2=" " tag="700"><subfield code="a">Puniet, Pierre de</subfield><subfield code="d">1877-1941</subfield><subfield code="0">(IDREF)08860750X</subfield><subfield code="4">edt</subfield></datafield><datafield ind1="1" ind2=" " tag="700"><subfield code="6">880-02</subfield><subfield code="a">Salmon, Pierre</subfield><subfield code="d">1896-1982</subfield><subfield code="0">(DE-588)1038603854</subfield></datafield><datafield ind1="1" ind2=" " tag="880"><subfield code="6">700-02</subfield><subfield code="a">Salmon, Pierre</subfield><subfield code="d">1896-1982</subfield><subfield code="0">(IDREF)029638895</subfield></datafield><datafield ind1=" " ind2="0" tag="830"><subfield code="a">Corpus Christianorum</subfield><subfield code="p">Continuatio mediaevalis</subfield><subfield code="v">47</subfield><subfield code="w">(SBT)000000284SBT01</subfield></datafield><datafield ind1=" " ind2="0" tag="830"><subfield code="a">Corpus Christianorum</subfield><subfield code="p">Continuatio mediaevalis</subfield><subfield code="v">47</subfield><subfield code="w">(RERO)0025139-41slsp</subfield></datafield><datafield ind1=" " ind2=" " tag="900"><subfield code="a">REROnoselfmerge</subfield></datafield></record>
</metadata></record>