<record><header><identifier>oai:alma.41SLSP_UGE:991000800699705502</identifier><datestamp>2023-03-01T01:10:12Z</datestamp><setSpec>uge_bcen_RapidILL_BOOK</setSpec><setSpec>uge_aaca_RapidILL_BOOK</setSpec><setSpec>uge_abels_RapidILL_BOOK</setSpec><setSpec>uge_dbu_RapidILL_BOOK</setSpec><setSpec>uge_cmu_RapidILL_BOOK</setSpec><setSpec>uge_mail_RapidILL_BOOK</setSpec><setSpec>UNIGE_ALL</setSpec><setSpec>uge_abbat_RapidILL_BOOK</setSpec><setSpec>uge_aobs_RapidILL_BOOK</setSpec><setSpec>uge_acar_RapidILL_BOOK</setSpec></header><metadata>
<record xmlns="http://www.loc.gov/MARC21/slim" xmlns:xsi="http://www.w3.org/2001/XMLSchema-instance" xsi:schemaLocation="http://www.loc.gov/MARC21/slim http://www.loc.gov/standards/marcxml/schema/MARC21slim.xsd"><leader>02094nam a2200289 c 4500</leader><controlfield tag="001">991000800699705502</controlfield><controlfield tag="005">20210206205942.0</controlfield><controlfield tag="007">co |g|||||||||</controlfield><controlfield tag="008">100310s2009    sz ||||| m||| 00| ||fre d</controlfield><datafield ind1=" " ind2=" " tag="019"><subfield code="a">Catalogage décrit l'exemplaire de thèse</subfield><subfield code="5">RERO/geudbu/03.2010</subfield></datafield><datafield ind1=" " ind2=" " tag="035"><subfield code="a">(swissbib)110096274-41slsp_network</subfield></datafield><datafield ind1=" " ind2=" " tag="035"><subfield code="a">110096274</subfield><subfield code="9">ExL</subfield></datafield><datafield ind1=" " ind2=" " tag="035"><subfield code="a">(RERO)R005405892-41slsp</subfield></datafield><datafield ind1=" " ind2=" " tag="035"><subfield code="a">(EXLNZ-41SLSP_NETWORK)991052924269705501</subfield></datafield><datafield ind1=" " ind2=" " tag="040"><subfield code="a">RERO geudbu</subfield><subfield code="d">CH-ZuSLS</subfield></datafield><datafield ind1=" " ind2=" " tag="044"><subfield code="a">sz</subfield><subfield code="c">ch-ge</subfield></datafield><datafield ind1=" " ind2="7" tag="072"><subfield code="a">ha</subfield><subfield code="2">rero</subfield></datafield><datafield ind1="1" ind2=" " tag="100"><subfield code="a">Lecompte, Camille</subfield><subfield code="d">1980-....</subfield><subfield code="0">(IDREF)14314491X</subfield><subfield code="4">cre</subfield></datafield><datafield ind1="1" ind2="0" tag="245"><subfield code="a">Listes lexicales et représentations spatiales</subfield><subfield code="b">des époques archaïques à la période paléo-babylonienne</subfield><subfield code="c">Camille Lecompte</subfield></datafield><datafield ind1=" " ind2="1" tag="264"><subfield code="a">Genève</subfield><subfield code="b">[éditeur non identifié]</subfield><subfield code="c">2009</subfield></datafield><datafield ind1=" " ind2=" " tag="300"><subfield code="a">613 p. + 1 CD</subfield></datafield><datafield ind1=" " ind2=" " tag="336"><subfield code="b">txt</subfield><subfield code="2">rdacontent</subfield></datafield><datafield ind1=" " ind2=" " tag="337"><subfield code="b">n</subfield><subfield code="2">rdamedia</subfield></datafield><datafield ind1=" " ind2=" " tag="338"><subfield code="b">nc</subfield><subfield code="2">rdacarrier</subfield></datafield><datafield ind1=" " ind2=" " tag="502"><subfield code="a">Th. Univ. Genève, 2009 ; L. 683</subfield></datafield><datafield ind1=" " ind2=" " tag="508"><subfield code="a">Directeur de thèse: Professeur Antoine Cavigneaux ; codirecteur: Professeur Pascal Butterlin (St-Quentin)</subfield></datafield><datafield ind1="8" ind2=" " tag="520"><subfield code="a">Les listes géographiques des IVème et IIIème millénaires de Mésopotamie permettent de reconstituer, par un recoupement entre leurs toponymes et ceux des textes administratifs, un environnement mal connu. Il en ressort que le pays sumérien du IVème millénaire était nettement marqué par la prépondérance urbaine de la région d'Uruk. Au IIIème millénaire, la toponymie sémitique des listes éclaire une vaste aire comprenant la région de Babylone, les marges occidentales de l'Iran et la Syrie. Un autre apport majeur des listes réside dans leur relation aux traditions savantes développées par les scribes. La plus ancienne liste est ainsi surtout déterminée par des principes graphiques, les toponymes étant classés selon leur signe, et dans une moindre mesure par une préoccupation religieuse. En revanche, une liste plus tardive du IIIème millénaire témoigne de l'émergence des critères phonétiques et de la volonté de rassembler les toponymes en groupes partageant des consonnes communes</subfield><subfield code="5">RERO/geudbu/03.2010</subfield></datafield><datafield ind1=" " ind2=" " tag="900"><subfield code="a">REROnoselfmerge</subfield></datafield></record>
</metadata></record>