<record><header><identifier>oai:alma.41SLSP_UGE:991000801119705502</identifier><datestamp>2023-06-28T00:21:01Z</datestamp><setSpec>uge_cmu_RapidILL_JOURNAL</setSpec><setSpec>uge_aobs_RapidILL_JOURNAL</setSpec><setSpec>uge_aaca_RapidILL_JOURNAL</setSpec><setSpec>uge_abbat_RapidILL_JOURNAL</setSpec><setSpec>uge_bcen_RapidILL_JOURNAL</setSpec><setSpec>uge_dbu_RapidILL_JOURNAL</setSpec><setSpec>uge_mail_RapidILL_JOURNAL</setSpec><setSpec>uge_abels_RapidILL_JOURNAL</setSpec><setSpec>UNIGE_ALL</setSpec><setSpec>uge_acar_RapidILL_JOURNAL</setSpec></header><metadata>
<record xmlns="http://www.loc.gov/MARC21/slim" xmlns:xsi="http://www.w3.org/2001/XMLSchema-instance" xsi:schemaLocation="http://www.loc.gov/MARC21/slim http://www.loc.gov/standards/marcxml/schema/MARC21slim.xsd"><leader>01443nas a2200325 c 4500</leader><controlfield tag="001">991000801119705502</controlfield><controlfield tag="005">20230119193059.0</controlfield><controlfield tag="008">960525c19819999gw || p|  ||| 0    0ger d</controlfield><datafield ind1=" " ind2=" " tag="022"><subfield code="a">0724-8954</subfield></datafield><datafield ind1=" " ind2=" " tag="035"><subfield code="a">(swissbib)078955882-41slsp_network</subfield></datafield><datafield ind1=" " ind2=" " tag="035"><subfield code="a">078955882</subfield><subfield code="9">ExL</subfield></datafield><datafield ind1=" " ind2=" " tag="035"><subfield code="a">(RERO)0428983-41slsp</subfield></datafield><datafield ind1=" " ind2=" " tag="035"><subfield code="a">(EXLNZ-41SLSP_NETWORK)991150221019705501</subfield></datafield><datafield ind1=" " ind2=" " tag="040"><subfield code="a">RERO</subfield><subfield code="d">CH-ZuSLS</subfield></datafield><datafield ind1=" " ind2="7" tag="072"><subfield code="a">ar</subfield><subfield code="2">rero</subfield></datafield><datafield ind1="0" ind2="0" tag="245"><subfield code="a">Archäologische Ausgrabungen in Baden-Württemberg..</subfield><subfield code="c">[hrsg. im Auftrag des Landesdenkmalamtes Baden-Württember, des Förderkreises für die ur- und frühgeschichtliche Forschung in Baden... [et al.]</subfield></datafield><datafield ind1=" " ind2="1" tag="264"><subfield code="a">Stuttgart</subfield><subfield code="b">K. Theiss</subfield></datafield><datafield ind1=" " ind2=" " tag="300"><subfield code="c">23 cm</subfield></datafield><datafield ind1=" " ind2=" " tag="310"><subfield code="a">Annuel</subfield></datafield><datafield ind1=" " ind2=" " tag="336"><subfield code="b">txt</subfield><subfield code="2">rdacontent</subfield></datafield><datafield ind1=" " ind2=" " tag="337"><subfield code="b">n</subfield><subfield code="2">rdamedia</subfield></datafield><datafield ind1=" " ind2=" " tag="338"><subfield code="b">nc</subfield><subfield code="2">rdacarrier</subfield></datafield><datafield ind1="0" ind2=" " tag="362"><subfield code="a">1981-&gt;</subfield></datafield><datafield ind1=" " ind2=" " tag="580"><subfield code="a">Fait suite à: Archäologische Ausgrabungen... : Bodendenkmalpflege in den Reg.-Bez. Stuttgart und Tübingen</subfield></datafield><datafield ind1=" " ind2="7" tag="650"><subfield code="a">Archéologie</subfield><subfield code="0">(IDREF)02726971X</subfield><subfield code="2">idref</subfield></datafield><datafield ind1=" " ind2="7" tag="651"><subfield code="a">Bade-Wurtemberg (Allemagne)</subfield><subfield code="0">(IDREF)02742720X</subfield><subfield code="2">idref</subfield></datafield><datafield ind1=" " ind2="7" tag="655"><subfield code="a">Périodiques</subfield><subfield code="0">(IDREF)02724640X</subfield><subfield code="2">idref</subfield></datafield><datafield ind1="2" ind2=" " tag="710"><subfield code="a">Bade-Wurtemberg</subfield><subfield code="b">Landesdenkmalamt</subfield><subfield code="g">1972-1979</subfield><subfield code="0">(IDREF)026590328</subfield></datafield><datafield ind1="2" ind2=" " tag="710"><subfield code="a">Förderkreis für die Ur- und Frühgeschichtliche Forschung in Baden</subfield><subfield code="0">(IDREF)032644949</subfield></datafield><datafield ind1="0" ind2="0" tag="780"><subfield code="t">Archäologische Ausgrabungen... : Bodendenkmalpflege in den Reg.-Bez. Stuttgart und Tübingen</subfield><subfield code="w">(RERO)R003343837-41slsp</subfield></datafield><datafield ind1=" " ind2=" " tag="900"><subfield code="a">REROnoselfmerge</subfield></datafield></record>
</metadata></record>