<record><header><identifier>oai:alma.41SLSP_UGE:991000800599705502</identifier><datestamp>2023-06-26T00:14:20Z</datestamp><setSpec>UNIGE_ALL</setSpec></header><metadata>
<record xmlns="http://www.loc.gov/MARC21/slim" xmlns:xsi="http://www.w3.org/2001/XMLSchema-instance" xsi:schemaLocation="http://www.loc.gov/MARC21/slim http://www.loc.gov/standards/marcxml/schema/MARC21slim.xsd"><leader>01868ngm a2200385 c 4500</leader><controlfield tag="001">991000800599705502</controlfield><controlfield tag="005">20230625173123.0</controlfield><controlfield tag="007">vd |v||||</controlfield><controlfield tag="008">101209s2010    fr ||| |          v|eng d</controlfield><datafield ind1="4" ind2="2" tag="028"><subfield code="a">61011</subfield></datafield><datafield ind1=" " ind2=" " tag="035"><subfield code="a">(swissbib)111285453-41slsp_network</subfield></datafield><datafield ind1=" " ind2=" " tag="035"><subfield code="a">111285453</subfield><subfield code="9">ExL</subfield></datafield><datafield ind1=" " ind2=" " tag="035"><subfield code="a">(RERO)R005736645-41slsp</subfield></datafield><datafield ind1=" " ind2=" " tag="035"><subfield code="a">(EXLNZ-41SLSP_NETWORK)991116040979705501</subfield></datafield><datafield ind1=" " ind2=" " tag="040"><subfield code="a">RERO necfbv</subfield><subfield code="d">CH-ZuSLS</subfield></datafield><datafield ind1="1" ind2=" " tag="041"><subfield code="a">eng</subfield><subfield code="a">fre</subfield><subfield code="h">eng</subfield></datafield><datafield ind1=" " ind2="7" tag="072"><subfield code="a">ba</subfield><subfield code="2">rero</subfield></datafield><datafield ind1="0" ind2="0" tag="245"><subfield code="a">Prayers for Bobby</subfield><subfield code="b">= Bobby seul contre tous</subfield><subfield code="c">dir. by Russell Mulcahy ; mus. Christopher Ward ; prod. by Damian Ganczewski</subfield></datafield><datafield ind1="1" ind2=" " tag="246"><subfield code="a">Bobby seul contre tous</subfield></datafield><datafield ind1=" " ind2="1" tag="264"><subfield code="a">[Lieu de publication non identifié]</subfield><subfield code="b">Outplay</subfield><subfield code="c">2010</subfield></datafield><datafield ind1=" " ind2=" " tag="300"><subfield code="a">1 DVD vidéo</subfield></datafield><datafield ind1=" " ind2=" " tag="336"><subfield code="b">tdi</subfield><subfield code="2">rdacontent</subfield></datafield><datafield ind1=" " ind2=" " tag="337"><subfield code="b">v</subfield><subfield code="2">rdamedia</subfield></datafield><datafield ind1=" " ind2=" " tag="338"><subfield code="b">vd</subfield><subfield code="2">rdacarrier</subfield></datafield><datafield ind1=" " ind2=" " tag="385"><subfield code="a">Dès 16 ans</subfield><subfield code="2">rero</subfield></datafield><datafield ind1=" " ind2=" " tag="500"><subfield code="a">Une prod.: Once upon a time, cop. 2008</subfield></datafield><datafield ind1=" " ind2=" " tag="500"><subfield code="a">Langues : anglais, français. Sous-titres : français</subfield></datafield><datafield ind1=" " ind2=" " tag="500"><subfield code="a">Format 1.77 - 16/9 comp. 4/3</subfield></datafield><datafield ind1=" " ind2=" " tag="500"><subfield code="a">Durée du film : 87 min.</subfield></datafield><datafield ind1="0" ind2=" " tag="511"><subfield code="a">Sigourney Weaver ; Henry Czerny ; Ryan Kelley ; Austin Nichols</subfield></datafield><datafield ind1="8" ind2=" " tag="520"><subfield code="a">&quot;Mary Griffith, fervente pratiquante, a élevé ses enfants selon les principes conservateurs de la foi religieuse. Le destin de la famille va être bouleversé le jour où Bobby décide de confier à son frère aîné un terrible secret : il préfère les garçons. Lorsque sa mère l'apprend, elle met tout en oeuvre pour &quot;guérir&quot; son fils, car selon la Bible, Bobby sera condanmé à l'Enfer. Mais une tragédie va remettre en cause toutes les convictions de Mary...</subfield><subfield code="5">RERO/necfbv/10.12/3544</subfield></datafield><datafield ind1=" " ind2="7" tag="655"><subfield code="a">DVD</subfield><subfield code="0">(IDREF)035108444</subfield><subfield code="2">idref</subfield></datafield><datafield ind1=" " ind2="7" tag="655"><subfield code="a">Films de fiction</subfield><subfield code="0">(IDREF)14779644X</subfield><subfield code="2">idref</subfield></datafield><datafield ind1="1" ind2=" " tag="700"><subfield code="a">Mulcahy, Russell</subfield><subfield code="d">1953-....</subfield><subfield code="0">(IDREF)152332731</subfield></datafield><datafield ind1="1" ind2=" " tag="700"><subfield code="a">Ward, Christopher</subfield><subfield code="0">(RERO)A018319949</subfield></datafield><datafield ind1="1" ind2=" " tag="700"><subfield code="a">Ganczewski, Damian</subfield><subfield code="0">(RERO)A018319950</subfield></datafield></record>
</metadata></record>