<record><header><identifier>oai:alma.41SLSP_UGE:991000800909705502</identifier><datestamp>2024-05-03T00:53:31Z</datestamp><setSpec>uge_bcen_RapidILL_BOOK</setSpec><setSpec>uge_aaca_RapidILL_BOOK</setSpec><setSpec>uge_abels_RapidILL_BOOK</setSpec><setSpec>uge_dbu_RapidILL_BOOK</setSpec><setSpec>uge_cmu_RapidILL_BOOK</setSpec><setSpec>uge_mail_RapidILL_BOOK</setSpec><setSpec>uge_abbat_RapidILL_BOOK</setSpec><setSpec>UNIGE_ALL</setSpec><setSpec>uge_aobs_RapidILL_BOOK</setSpec><setSpec>uge_acar_RapidILL_BOOK</setSpec></header><metadata>
<record xmlns="http://www.loc.gov/MARC21/slim" xmlns:xsi="http://www.w3.org/2001/XMLSchema-instance" xsi:schemaLocation="http://www.loc.gov/MARC21/slim http://www.loc.gov/standards/marcxml/schema/MARC21slim.xsd"><leader>02388nam a2200613 c 4500</leader><controlfield tag="001">991000800909705502</controlfield><controlfield tag="005">20230619201035.0</controlfield><controlfield tag="008">201011s2015    sp            00| | spa|d</controlfield><datafield ind1=" " ind2=" " tag="020"><subfield code="a">8437634539</subfield></datafield><datafield ind1=" " ind2=" " tag="020"><subfield code="a">9788437634531</subfield></datafield><datafield ind1=" " ind2=" " tag="035"><subfield code="a">(swissbib)222111658-41slsp_network</subfield></datafield><datafield ind1=" " ind2=" " tag="035"><subfield code="a">222111658</subfield><subfield code="9">ExL</subfield></datafield><datafield ind1=" " ind2=" " tag="035"><subfield code="a">(IDSBB)006649958DSV01</subfield></datafield><datafield ind1=" " ind2=" " tag="035"><subfield code="a">(NEBIS)010546675EBI01</subfield></datafield><datafield ind1=" " ind2=" " tag="035"><subfield code="a">(RERO)R008297430-41slsp</subfield></datafield><datafield ind1=" " ind2=" " tag="035"><subfield code="a">(OCoLC)927327460</subfield></datafield><datafield ind1=" " ind2=" " tag="035"><subfield code="a">(EXLNZ-41SLSP_NETWORK)991154574469705501</subfield></datafield><datafield ind1=" " ind2=" " tag="040"><subfield code="a">ZWZ</subfield><subfield code="b">ger</subfield><subfield code="e">rda</subfield><subfield code="d">CH-ZuSLS</subfield></datafield><datafield ind1=" " ind2="7" tag="072"><subfield code="a">es</subfield><subfield code="2">SzZuIDS BS/BE</subfield></datafield><datafield ind1=" " ind2="7" tag="072"><subfield code="a">es</subfield><subfield code="2">rero</subfield></datafield><datafield ind1="1" ind2=" " tag="080"><subfield code="a">860&quot;19&quot;GARB7Mie</subfield></datafield><datafield ind1="0" ind2="4" tag="082"><subfield code="a">861.6</subfield></datafield><datafield ind1="1" ind2="4" tag="082"><subfield code="a">860</subfield><subfield code="2">15</subfield></datafield><datafield ind1="1" ind2="4" tag="082"><subfield code="a">861</subfield><subfield code="2">14</subfield></datafield><datafield ind1=" " ind2=" " tag="084"><subfield code="a">IP 9080</subfield><subfield code="2">rvk</subfield></datafield><datafield ind1=" " ind2=" " tag="084"><subfield code="a">B</subfield><subfield code="2">sdnb</subfield></datafield><datafield ind1="1" ind2=" " tag="100"><subfield code="6">880-01</subfield><subfield code="a">García Baena, Pablo</subfield><subfield code="d">1921-2018</subfield><subfield code="0">(DE-588)123338263</subfield><subfield code="4">aut</subfield></datafield><datafield ind1="1" ind2=" " tag="880"><subfield code="a">García Baena, Pablo</subfield><subfield code="d">1923-2018</subfield><subfield code="6">100-01</subfield><subfield code="0">(IDREF)028343921</subfield><subfield code="4">cre</subfield></datafield><datafield ind1="1" ind2="0" tag="245"><subfield code="a">Mientras cantan los pájaros</subfield><subfield code="b">antología poética (1946-2006)</subfield><subfield code="c">Pablo García Baena ; edición de Felipe Muriel</subfield></datafield><datafield ind1=" " ind2=" " tag="250"><subfield code="a">1.ª edición</subfield></datafield><datafield ind1=" " ind2="1" tag="264"><subfield code="a">Madrid</subfield><subfield code="b">Ediciones Cátedra</subfield><subfield code="c">[2015]</subfield></datafield><datafield ind1=" " ind2=" " tag="300"><subfield code="a">489 Seiten</subfield><subfield code="b">Illustrationen</subfield></datafield><datafield ind1=" " ind2=" " tag="336"><subfield code="b">txt</subfield><subfield code="2">rdacontent</subfield></datafield><datafield ind1=" " ind2=" " tag="337"><subfield code="b">n</subfield><subfield code="2">rdamedia</subfield></datafield><datafield ind1=" " ind2=" " tag="338"><subfield code="b">nc</subfield><subfield code="2">rdacarrier</subfield></datafield><datafield ind1="1" ind2=" " tag="490"><subfield code="a">Letras Hispánicas</subfield><subfield code="v">762</subfield></datafield><datafield ind1=" " ind2=" " tag="504"><subfield code="a">Bibliographie p. 163-173</subfield></datafield><datafield ind1="1" ind2="0" tag="600"><subfield code="a">García Baena, Pablo</subfield><subfield code="x">Criticism and interpretation</subfield></datafield><datafield ind1="1" ind2="7" tag="600"><subfield code="a">García Baena, Pablo</subfield><subfield code="d">1923-2018</subfield><subfield code="0">(IDREF)028343921</subfield><subfield code="2">idref</subfield></datafield><datafield ind1=" " ind2="7" tag="650"><subfield code="a">Poésie espagnole</subfield><subfield code="y">20e siècle</subfield><subfield code="x">Anthologies</subfield><subfield code="2">ram</subfield></datafield><datafield ind1=" " ind2="7" tag="650"><subfield code="a">Spanisch</subfield><subfield code="0">(DE-588)4077640-2</subfield><subfield code="2">gnd</subfield></datafield><datafield ind1=" " ind2="7" tag="650"><subfield code="a">Lyrik</subfield><subfield code="0">(DE-588)4036774-5</subfield><subfield code="2">gnd</subfield></datafield><datafield ind1=" " ind2="0" tag="655"><subfield code="a">Spanish poetry</subfield></datafield><datafield ind1=" " ind2="7" tag="655"><subfield code="a">Anthologie</subfield><subfield code="2">gnd-content</subfield></datafield><datafield ind1=" " ind2="7" tag="655"><subfield code="a">Ausgabe</subfield><subfield code="2">idszbz</subfield></datafield><datafield ind1=" " ind2="7" tag="655"><subfield code="a">Anthologies</subfield><subfield code="0">(IDREF)027269493</subfield><subfield code="2">idref</subfield></datafield><datafield ind1="1" ind2=" " tag="700"><subfield code="6">880-02</subfield><subfield code="a">Muriel Durán, Felipe</subfield><subfield code="d">1956-</subfield><subfield code="0">(DE-588)1047972743</subfield><subfield code="4">edt</subfield></datafield><datafield ind1="1" ind2=" " tag="880"><subfield code="6">700-02</subfield><subfield code="a">Muriel Durán, Felipe</subfield><subfield code="0">(IDREF)059570733</subfield></datafield><datafield ind1="4" ind2=" " tag="856"><subfield code="3">Titelblatt und Inhaltsverzeichnis</subfield><subfield code="u">https://toc.library.ethz.ch/objects/pdf03/z01_978-84-376-3453-1_01.pdf</subfield><subfield code="q">pdf</subfield></datafield><datafield ind1=" " ind2="0" tag="830"><subfield code="a">Letras hispánicas</subfield><subfield code="p">Cátedra</subfield><subfield code="v">762</subfield><subfield code="w">(RERO)0139749-41slsp</subfield></datafield><datafield ind1=" " ind2="0" tag="830"><subfield code="a">Letras hispánicas</subfield><subfield code="v">762</subfield><subfield code="w">(NEBIS)001000722EBI01</subfield></datafield><datafield ind1=" " ind2=" " tag="900"><subfield code="a">Stoppsignal FRED</subfield><subfield code="x">31.01.2017</subfield></datafield><datafield ind1=" " ind2=" " tag="900"><subfield code="a">IDSZ2zbzmon201605f</subfield><subfield code="c">IDSZ2hilb</subfield><subfield code="d">IDSZ2zbzswk201605b</subfield><subfield code="e">IDSZ2kara</subfield></datafield><datafield ind1=" " ind2=" " tag="911"><subfield code="a">100</subfield><subfield code="a">García Baena, Pablo</subfield><subfield code="d">1923-</subfield></datafield><datafield ind1=" " ind2=" " tag="949"><subfield code="a">https://toc.library.ethz.ch/objects/pdf03/z01_978-84-376-3453-1_01.pdf</subfield></datafield><datafield ind1=" " ind2=" " tag="993"><subfield code="a">BFLA 266651</subfield><subfield code="x">ge/ules/a/15/176-3</subfield><subfield code="9">LOCAL</subfield></datafield></record>
</metadata></record>