<record><header><identifier>oai:alma.41SLSP_UGE:991000800839705502</identifier><datestamp>2023-03-01T01:10:13Z</datestamp><setSpec>uge_bcen_RapidILL_BOOK</setSpec><setSpec>uge_aaca_RapidILL_BOOK</setSpec><setSpec>uge_abels_RapidILL_BOOK</setSpec><setSpec>uge_dbu_RapidILL_BOOK</setSpec><setSpec>uge_cmu_RapidILL_BOOK</setSpec><setSpec>uge_mail_RapidILL_BOOK</setSpec><setSpec>UNIGE_ALL</setSpec><setSpec>uge_abbat_RapidILL_BOOK</setSpec><setSpec>uge_aobs_RapidILL_BOOK</setSpec><setSpec>uge_acar_RapidILL_BOOK</setSpec></header><metadata>
<record xmlns="http://www.loc.gov/MARC21/slim" xmlns:xsi="http://www.w3.org/2001/XMLSchema-instance" xsi:schemaLocation="http://www.loc.gov/MARC21/slim http://www.loc.gov/standards/marcxml/schema/MARC21slim.xsd"><leader>01118nam a2200301 c 4500</leader><controlfield tag="001">991000800839705502</controlfield><controlfield tag="005">20211031173651.0</controlfield><controlfield tag="008">850709r19811929gw ||||| |||| 00| ||lat d</controlfield><datafield ind1=" " ind2=" " tag="020"><subfield code="a">3519011050</subfield></datafield><datafield ind1="7" ind2=" " tag="024"><subfield code="a">http://catalogue.bnf.fr/ark:/12148/cb356222894</subfield><subfield code="2">uri</subfield></datafield><datafield ind1=" " ind2=" " tag="035"><subfield code="a">(swissbib)080173098-41slsp_network</subfield></datafield><datafield ind1=" " ind2=" " tag="035"><subfield code="a">080173098</subfield><subfield code="9">ExL</subfield></datafield><datafield ind1=" " ind2=" " tag="035"><subfield code="a">(RERO)0625863-41slsp</subfield></datafield><datafield ind1=" " ind2=" " tag="035"><subfield code="a">(EXLNZ-41SLSP_NETWORK)991063279029705501</subfield></datafield><datafield ind1=" " ind2=" " tag="040"><subfield code="a">RERO labcud</subfield><subfield code="d">CH-ZuSLS</subfield></datafield><datafield ind1=" " ind2="7" tag="072"><subfield code="a">la</subfield><subfield code="2">rero</subfield></datafield><datafield ind1="1" ind2=" " tag="080"><subfield code="a">871AUGU7Civ</subfield></datafield><datafield ind1="0" ind2=" " tag="100"><subfield code="a">Augustin</subfield><subfield code="c">saint</subfield><subfield code="d">0354-0430</subfield><subfield code="0">(IDREF)027280896</subfield><subfield code="4">cre</subfield></datafield><datafield ind1="1" ind2="0" tag="245"><subfield code="a">Sancti Aurelii Augustini episcopi De civitate Dei libri XXII</subfield><subfield code="c">recognoverunt Bernardus Dombart et Alfonsus Kalb.</subfield><subfield code="n">Vol. 2</subfield><subfield code="p">Lib. XIV-XXII</subfield></datafield><datafield ind1=" " ind2=" " tag="250"><subfield code="a">Ed. quinta</subfield></datafield><datafield ind1=" " ind2="1" tag="264"><subfield code="a">Stutgardiae</subfield><subfield code="b">in aedibus B.G. Teubneri</subfield><subfield code="c">1981</subfield></datafield><datafield ind1=" " ind2=" " tag="300"><subfield code="a">XXI, 635 p.</subfield><subfield code="c">21 cm</subfield></datafield><datafield ind1=" " ind2=" " tag="336"><subfield code="b">txt</subfield><subfield code="2">rdacontent</subfield></datafield><datafield ind1=" " ind2=" " tag="337"><subfield code="b">n</subfield><subfield code="2">rdamedia</subfield></datafield><datafield ind1=" " ind2=" " tag="338"><subfield code="b">nc</subfield><subfield code="2">rdacarrier</subfield></datafield><datafield ind1=" " ind2=" " tag="534"><subfield code="p">Reprod. de l'éd. de:</subfield><subfield code="c">1929</subfield></datafield><datafield ind1="0" ind2="2" tag="700"><subfield code="a">Augustinus</subfield><subfield code="c">saint</subfield><subfield code="d">354-430</subfield><subfield code="t">De civitate Dei</subfield></datafield><datafield ind1="0" ind2=" " tag="800"><subfield code="a">Augustinus</subfield><subfield code="c">saint</subfield><subfield code="d">354-430</subfield><subfield code="t">Sancti Aurelii Augustini episcopi De civitate Dei libri XXII</subfield><subfield code="v">2</subfield></datafield><datafield ind1=" " ind2=" " tag="900"><subfield code="a">REROnoselfmerge</subfield></datafield></record>
</metadata></record>