<record><header><identifier>oai:alma.41SLSP_UGE:991000800319705502</identifier><datestamp>2023-03-01T01:10:13Z</datestamp><setSpec>uge_bcen_RapidILL_BOOK</setSpec><setSpec>uge_aaca_RapidILL_BOOK</setSpec><setSpec>uge_abels_RapidILL_BOOK</setSpec><setSpec>uge_dbu_RapidILL_BOOK</setSpec><setSpec>uge_cmu_RapidILL_BOOK</setSpec><setSpec>uge_mail_RapidILL_BOOK</setSpec><setSpec>UNIGE_ALL</setSpec><setSpec>uge_abbat_RapidILL_BOOK</setSpec><setSpec>uge_aobs_RapidILL_BOOK</setSpec><setSpec>uge_acar_RapidILL_BOOK</setSpec></header><metadata>
<record xmlns="http://www.loc.gov/MARC21/slim" xmlns:xsi="http://www.w3.org/2001/XMLSchema-instance" xsi:schemaLocation="http://www.loc.gov/MARC21/slim http://www.loc.gov/standards/marcxml/schema/MARC21slim.xsd"><leader>01642nam a2200385 c 4500</leader><controlfield tag="001">991000800319705502</controlfield><controlfield tag="005">20230210183350.0</controlfield><controlfield tag="008">931122s1982    sz ||||| |||| 10| ||ger d</controlfield><datafield ind1=" " ind2=" " tag="035"><subfield code="a">(swissbib)088194302-41slsp_network</subfield></datafield><datafield ind1=" " ind2=" " tag="035"><subfield code="a">088194302</subfield><subfield code="9">ExL</subfield></datafield><datafield ind1=" " ind2=" " tag="035"><subfield code="a">(RERO)1773679-41slsp</subfield></datafield><datafield ind1=" " ind2=" " tag="035"><subfield code="a">(EXLNZ-41SLSP_NETWORK)991082006199705501</subfield></datafield><datafield ind1=" " ind2=" " tag="040"><subfield code="a">RERO gehei-</subfield><subfield code="d">CH-ZuSLS</subfield></datafield><datafield ind1=" " ind2=" " tag="044"><subfield code="a">sz</subfield><subfield code="c">ch-fr</subfield></datafield><datafield ind1=" " ind2="7" tag="072"><subfield code="a">sp</subfield><subfield code="2">rero</subfield></datafield><datafield ind1=" " ind2=" " tag="084"><subfield code="a">D 43.2 e CH</subfield><subfield code="2">cjurrom</subfield></datafield><datafield ind1=" " ind2=" " tag="084"><subfield code="a">D 8 e</subfield><subfield code="2">cjurrom</subfield></datafield><datafield ind1="1" ind2=" " tag="100"><subfield code="a">Altermatt, Urs</subfield><subfield code="d">1942-....</subfield><subfield code="0">(IDREF)030088747</subfield><subfield code="4">cre</subfield></datafield><datafield ind1="1" ind2="0" tag="245"><subfield code="a">Formen schweizerischer Friedenspolitik</subfield><subfield code="b">Referate eines Seminars über Fragen schweizerischer Friedenspolitik zum 500-Jahr-Jubiläum des Stanser Verkommnisses 23./24.Oktober 1981 in Sachsen/Obwalden</subfield><subfield code="c">Urs Altermatt, Roy Preiswerk, Hans Ruh</subfield></datafield><datafield ind1=" " ind2="1" tag="264"><subfield code="a">Bern</subfield><subfield code="b">Nationalkommission Justitia et Pax</subfield><subfield code="b">GIPRI</subfield><subfield code="c">[1982]</subfield></datafield><datafield ind1=" " ind2="3" tag="264"><subfield code="a">Freiburg</subfield><subfield code="b">Paulusdr.</subfield></datafield><datafield ind1=" " ind2="4" tag="264"><subfield code="c">© 1982</subfield></datafield><datafield ind1=" " ind2=" " tag="300"><subfield code="a">115 p.</subfield><subfield code="c">21 cm</subfield></datafield><datafield ind1=" " ind2=" " tag="336"><subfield code="b">txt</subfield><subfield code="2">rdacontent</subfield></datafield><datafield ind1=" " ind2=" " tag="337"><subfield code="b">n</subfield><subfield code="2">rdamedia</subfield></datafield><datafield ind1=" " ind2=" " tag="338"><subfield code="b">nc</subfield><subfield code="2">rdacarrier</subfield></datafield><datafield ind1="1" ind2=" " tag="490"><subfield code="a">Publikationsreihe der Schweizerischen Nationalkommission Justitia et Pax</subfield><subfield code="v">6</subfield></datafield><datafield ind1=" " ind2="7" tag="650"><subfield code="a">Paix</subfield><subfield code="0">(IDREF)02751966X</subfield><subfield code="2">idref</subfield></datafield><datafield ind1=" " ind2="7" tag="650"><subfield code="a">politique</subfield><subfield code="0">(RERO)A010009334</subfield><subfield code="2">rerovoc</subfield></datafield><datafield ind1=" " ind2="7" tag="651"><subfield code="a">Suisse</subfield><subfield code="0">(IDREF)027249654</subfield><subfield code="2">idref</subfield></datafield><datafield ind1=" " ind2="7" tag="655"><subfield code="a">Actes de congrès</subfield><subfield code="0">(IDREF)02886431X</subfield><subfield code="2">idref</subfield></datafield><datafield ind1="1" ind2=" " tag="700"><subfield code="a">Preiswerk, Roy</subfield><subfield code="0">(RERO)A003710628</subfield></datafield><datafield ind1="1" ind2=" " tag="700"><subfield code="a">Ruh, Hans</subfield><subfield code="0">(RERO)A003770340</subfield></datafield><datafield ind1="2" ind2=" " tag="710"><subfield code="a">Commission nationale suisse Justitia et Pax</subfield><subfield code="b">Seminar</subfield><subfield code="d">1981</subfield><subfield code="c">Sachsen/Obwalden</subfield><subfield code="0">(RERO)A012468363</subfield></datafield><datafield ind1=" " ind2=" " tag="830"><subfield code="a">Publikationsreihe der Schweizerischen Nationalkommission Justitia et Pax</subfield><subfield code="v">6</subfield><subfield code="w">(RERO)0470139-41slsp</subfield></datafield><datafield ind1=" " ind2=" " tag="900"><subfield code="a">REROnoselfmerge</subfield></datafield></record>
</metadata></record><resumptionToken>1900-01-01@all@UNIGE_ALL@marc21@5986570360005502</resumptionToken></ListRecords></OAI-PMH>